3556 4898
299 474 341 531 56
538 481 701 528 caoruca
720 477 893 525 socerum
917 476 964 523 ne
986 475 1261 523 saluatorem.

302 634 419 722 regalia
439 634 600 701 oonoessit
613 642 649 698 et
662 630 877 710 confirmavit,
885 640 963 695 ante
977 640 1195 715 conquestam
1208 626 1335 715 Anglie
1346 649 1359 705 3
1372 632 1410 691 et
1423 621 1510 709 quod

302 762 359 803 rex
388 738 551 804 Henricus
573 737 664 801 dedit
692 733 983 800 Lundoniensibus
1008 733 1223 819 quietantiam
1246 727 1425 797 theolouei
1453 748 1508 813 per

303 840 445 906 dominia
459 863 517 904 sua
530 838 671 925 propria,
693 836 749 902 ubi
772 844 902 922 poterat
924 836 1001 900 dare
1025 858 1118 916 eam3
1139 835 1216 920 quia
1237 836 1274 900 in
1298 833 1383 899 silla
1400 830 1508 897 saneti

303 941 485 1007 AEdmundi
512 963 579 1006 non
608 948 746 1024 poterat,
776 938 864 1023 quod
893 960 988 1001 suum
1010 959 1079 1003 non
1107 947 1189 1003 erat.
1230 936 1424 1002 Audientes
1450 933 1509 999 bea

305 1044 563 1122 lundonienses,
585 1042 750 1106 communi
778 1039 914 1104 consilio
944 1039 1168 1119 decreverunt,
1205 1039 1298 1124 quod
1328 1037 1443 1103 nullus
1469 1057 1509 1101 ex

304 1149 351 1214 eis
366 1149 491 1215 veniret
503 1148 545 1212 ad
568 1146 730 1210 nundinas
749 1143 860 1209 Sancti
875 1143 1068 1223 AEdmundi,
1083 1153 1118 1208 et
1131 1142 1263 1209 duobus
1277 1140 1380 1207 aunis
1394 1139 1508 1204 abseu

304 1263 455 1318 taverunt
469 1272 515 1330 se,
529 1249 616 1314 unde
630 1270 783 1333 magnum
809 1245 1042 1311 detrimentum
1056 1245 1242 1312 habuerunt
1266 1243 1420 1309 nundine
1434 1264 1508 1307 nos·

305 1364 365 1435 tre,
379 1364 413 1420 et
422 1354 544 1420 oblatio
556 1351 687 1417 sacriste
699 1350 858 1413 minorata
866 1349 929 1413 luit
939 1349 973 1412 in
985 1371 1101 1433 magna
1109 1359 1213 1434 parte.
1248 1346 1508 1432 'l'andem‚epis·

305 1476 387 1541 copo
412 1453 625 1519 Lundonensi
640 1462 674 1517 et
699 1452 768 1515 aliis
783 1449 930 1536 pluribus
952 1449 1260 1535 interloquentibus,
1284 1452 1333 1517 its
1357 1449 1508 1516 convenit

304 1557 463 1622 internos
479 1567 595 1635 eteos,
610 1554 697 1640 quod
718 1553 782 1638 ipsi
796 1554 945 1618 venirent
959 1554 998 1618 ad
1026 1555 1199 1636 nundinas,
1214 1566 1250 1621 et
1273 1553 1379 1639 aliqui
1400 1573 1442 1618 ex
1461 1550 1506 1616 eia

305 1659 420 1724 darent
434 1659 633 1736 theloneum,
649 1656 706 1721 sed
725 1656 835 1721 statim
857 1656 980 1721 eisdem
995 1658 1193 1740 redderetur,
1215 1668 1255 1724 ut
1269 1657 1334 1723 sub
1349 1656 1412 1721 tuli
1424 1655 1508 1721 rela-

305 1771 417 1826 mento
431 1761 593 1845 utrimque
608 1759 739 1823 libertas
755 1767 943 1822 servaretur.
990 1759 1056 1824 Sed
1076 1782 1231 1846 processu
1246 1759 1423 1847 temporis,
1437 1780 1507 1824 cum

305 1863 435 1927 fecisset
449 1862 550 1927 abbas
559 1861 764 1926 concordiam
775 1882 850 1924 cum
865 1860 1023 1926 militibus
1038 1863 1118 1943 suis,
1133 1874 1168 1928 et
1181 1862 1275 1949 quasi
1287 1862 1323 1926 in
1338 1883 1423 1947 paee
1436 1860 1507 1925 dor·-

307 1965 430 2043 misset,
439 1986 512 2028 ecce
527 1965 644 2028 iterum
660 1964 862 2028 “Philistiim
878 1975 1031 2049 superte,
1043 1966 1182 2031 Samson
1195 1979 1202 2006 ¹
1214 1966 1249 2030 !’'
1273 1966 1364 2030 Eece
1376 1962 1507 2029 londo-

307 2066 449 2144 nienses,
463 2089 528 2129 una
542 2087 622 2130 voce
637 2066 883 2144 comminantes,
899 2067 987 2151 quod
1003 2068 1118 2133 domos
1136 2069 1293 2154 lapideas,
1310 2089 1394 2154 quas
1408 2065 1507 2131 abbas

308 2168 423 2233 eodem
438 2191 524 2233 anno
538 2168 752 2247 edificaverat,
775 2168 816 2232 ad
831 2178 949 2232 terram
963 2180 1217 2256 prosternerent,
1236 2171 1291 2236 vel
1305 2178 1436 2249 contra,
1453 2190 1507 2232 na·

308 2294 399 2336 mum
422 2271 462 2336 de
484 2271 670 2336 hominibus
697 2268 808 2336 Sancti
833 2269 1016 2337 AEdmundi
1038 2272 1072 2337 in
1096 2273 1285 2359 centuplum
1312 2272 1506 2359 acciperent,

308 2371 372 2436 nisi
387 2371 486 2436 abbas
502 2371 600 2436 cicius
615 2371 802 2436 emendaret
824 2369 975 2454 injuriam
1002 2374 1050 2439 eis
1072 2375 1195 2441 illatam
1219 2398 1240 2440 a
1257 2375 1417 2462 prefectis
1435 2374 1507 2440 villo

309 2474 420 2538 Sancti
432 2475 624 2554 AEdmundi,
639 2476 694 2562 qui
704 2497 750 2541 xv
760 2474 908 2539 denarios
918 2489 1109 2562 acceperant
1118 2502 1138 2543 a
1146 2479 1277 2545 carettia
1288 2479 1413 2547 civium
1421 2478 1508 2545 Lon·

309 2575 527 2655 doniensium,
542 2598 615 2662 que,
629 2576 798 2642 venientes
813 2577 853 2642 de
870 2577 1067 2661 Gernemue‚
1082 2582 1192 2650 allecia
1217 2594 1400 2670 portantes,
1422 2593 1509 2650 trau

309 2678 409 2744 situm
423 2701 482 2765 per
496 2700 556 2744 nos
578 2682 734 2746 fecerunt.
778 2680 824 2744 Et
848 2679 1000 2747 dicebant
1021 2684 1109 2750 cives
1135 2687 1389 2754 Lundonienses
1410 2684 1508 2752 luisse

308 2783 436 2869 quietos
452 2783 492 2847 de
507 2782 660 2848 theloneo
675 2783 709 2846 in
726 2782 817 2847 omni
829 2783 912 2862 foro,
927 2795 961 2850 et
976 2807 1104 2872 semper
1117 2802 1152 2854 et
1166 2790 1298 2875 ubique,
1322 2813 1385 2876 per
1406 2800 1506 2856 totam

308 2888 470 2974 Anglinm,
485 2910 505 2951 a
524 2897 671 2973 tempore
698 2908 762 2972 quo
779 2887 884 2952 Roma
897 2887 1003 2972 primo
1026 2891 1162 2957 fundata
1184 2892 1259 2972 luit,
1283 2904 1320 2958 et
1343 2893 1508 2959 civiutem

309 2991 482 3056 Lundonie
505 2990 621 3056 eodem
642 3000 789 3074 tempore
811 2990 1001 3070 fundatam3
1033 2992 1130 3058 talem
1147 2993 1266 3060 debere
1278 2994 1401 3060 habere
1414 2992 1508 3059 libar-

309 3100 410 3155 tatem
425 3114 483 3176 per
498 3101 600 3156 totam
616 3091 779 3176 Angliam,
794 3102 828 3157 et
842 3092 967 3158 ratione
982 3094 1122 3160 cintatb
1140 3097 1341 3183 privilegiate
1352 3119 1418 3185 que
1433 3097 1509 3163 olim

309 3190 497 3273 metropolis
513 3192 575 3256 tuit
589 3203 623 3256 et
637 3202 735 3277 caput
745 3194 846 3277 regni,
861 3204 895 3258 et
908 3196 1034 3261 ratione
1049 3198 1268 3284 antiquitatis..
1307 3199 1423 3265 Abbas
1433 3218 1508 3265 vero

310 3300 533 3376 competentes
543 3292 686 3357 indutias
701 3295 841 3378 quesivit
854 3296 941 3378 inde,
958 3322 1061 3386 usque
1076 3301 1117 3364 ad
1132 3301 1273 3366 reditum
1285 3303 1413 3369 domini
1427 3301 1509 3389 regis

310 3393 344 3456 in
359 3393 521 3479 Angliam,
536 3404 574 3459 ut
587 3416 662 3460 eum
677 3419 776 3482 super
789 3398 852 3464 hoc
867 3401 1070 3481 consuleret3
1092 3413 1135 3482 et,
1150 3404 1263 3469 habito
1277 3406 1416 3471 consilio
1435 3424 1510 3470 cum

306 3495 564 3583 juris-discretis,
584 3499 773 3585 replegiavit
795 3503 1104 3590 calumpniatoribus
1125 3506 1197 3571 illos
1218 3528 1263 3571 xv
1285 3508 1448 3589 denarios,
1461 3528 1511 3573 re-

310 3609 436 3665 servata
451 3598 578 3685 utrique
592 3601 677 3686 parti
691 3605 859 3689 questione
874 3607 915 3672 de
927 3608 1000 3691 jure
1015 3629 1085 3672 suo.

177 3726 209 3775 s.
224 3727 294 3778 rios.
352 3704 490 3769 Decimo
505 3726 592 3769 anno
613 3705 750 3774 abbatiae
773 3710 818 3775 S?
844 3710 982 3789 abbatis,
1008 3710 1050 3774 de
1072 3713 1240 3776 communi
1264 3714 1401 3780 oonsilio
1424 3715 1511 3802 capi·

309 3806 371 3871 tuli
394 3807 509 3888 nostri,
533 3810 704 3894 conquesti
730 3834 844 3878 sumus
863 3812 971 3879 abbati
995 3813 1028 3877 in
1060 3814 1148 3879 curia
1173 3837 1242 3897 sua,
1265 3816 1412 3885 dicentes
1438 3820 1512 3886 red-

502 3926 509 3959 ¹
528 3927 590 3977 Jud.
603 3929 652 3977 xri.
666 3933 690 3987 9,
706 3932 744 3989 12,
759 3936 797 3991 14,
810 3935 850 3981 20.
1133 3936 1144 3969 ¹
1165 3935 1302 3988 Samsonin
