3556 4898
455 588 498 644 46
694 598 857 645 onorrrci
880 599 1051 645 Jocannsr
1076 599 1123 643 oa
1147 596 1414 643 aanuaconnm
1518 572 1529 591 ⁰

455 750 583 817 tenebit
596 751 748 815 omnibus
764 751 878 816 dicbus
893 752 960 816 vite
976 774 1044 831 sue,
1067 751 1234 817 reddendo
1256 751 1334 815 inde
1356 749 1528 814 annuatim
1550 746 1664 814 abbati

453 855 502 939 -sij
519 855 668 918 denarios
683 877 743 940 pro
758 855 910 919 omnibus
926 855 1082 920 serviciis.
1585 855 1588 859 ’

452 992 457 1001 ·
502 957 587 1020 Cum
605 956 699 1040 juxta
724 957 992 1022 consuetudinem
1015 957 1194 1041 Anglorum
1217 955 1311 1019 multi
1334 955 1436 1019 multa
1455 952 1574 1017 darent
1587 975 1662 1017 mu·

453 1081 534 1123 nera
548 1058 669 1138 abbati,
684 1070 721 1122 ut
736 1060 880 1139 domino,
896 1060 948 1124 die
961 1058 1226 1123 Circumcisionis
1241 1057 1424 1135 Dominice‚
1440 1054 1584 1140 cogitavi
1597 1077 1658 1140 ego

453 1160 621 1225 locelinus
651 1161 730 1246 quid
759 1161 835 1225 dare
864 1183 1008 1245 possem.
1052 1161 1099 1224 Et
1127 1160 1234 1245 incepi
1262 1159 1297 1223 in
1323 1159 1481 1244 scriptum
1512 1156 1657 1242 redigere

453 1285 569 1328 omnes
591 1265 753 1343 ecclesias,
776 1286 839 1349 que
865 1274 942 1327 sunt
956 1264 990 1327 in
1014 1263 1193 1328 donacione
1217 1261 1356 1341 abbatis,
1377 1271 1446 1325 tam
1472 1259 1515 1324 de
1535 1259 1657 1325 nostris

450 1366 604 1429 maneriis
619 1389 716 1451 quam
733 1368 772 1431 de
789 1367 867 1445 suis,
888 1377 922 1431 et
938 1366 1140 1430 rationabilia
1154 1365 1261 1450 precia
1276 1370 1397 1443 earum,
1418 1363 1504 1427 sicut
1517 1371 1656 1446 possent

452 1464 532 1548 poni
563 1463 749 1542 adfirmas,
773 1473 1009 1548 temporequo
1034 1462 1150 1526 bladus
1182 1461 1387 1526 mediocriter
1401 1461 1565 1526 venditur.
1608 1463 1656 1532 Et

450 1567 592 1631 intrante
607 1588 693 1630 anno
713 1565 943 1650 subsequente,
966 1564 1041 1628 dedi
1055 1564 1165 1629 abbati
1180 1564 1325 1629 sedidam
1340 1563 1428 1627 illam
1442 1585 1503 1648 pro
1518 1587 1654 1633 munere

449 1669 532 1753 ejus,
555 1690 652 1752 quam
667 1667 760 1731 valde
785 1677 948 1750 gratanter
967 1666 1102 1751 accepit.
1146 1655 1222 1750 Ego*
1241 1687 1328 1744 vcro,
1354 1667 1429 1750 quia
1442 1666 1552 1751 placui
1573 1676 1655 1735 tunc

449 1770 605 1854 temporis
616 1770 650 1832 in
660 1777 851 1854 conspectu¹
864 1769 946 1853 ejus,
959 1768 1124 1853 “cogitavi
1132 1768 1166 1831 in
1177 1768 1273 1832 corde
1283 1767 1382 1832 meo”
1387 1774 1399 1802 ¹
1411 1769 1501 1852 quod
1510 1769 1653 1834 dicerem

447 1872 491 1952 ei,
511 1881 550 1936 ut
574 1872 714 1957 aliquam
740 1871 908 1936 ecclesiam
934 1871 1026 1935 daret
1048 1870 1225 1935 conventui
1249 1881 1283 1935 et
1297 1870 1476 1955 assignaret
1495 1871 1532 1936 in
1555 1894 1653 1937 usum

447 1973 690 2058 hospitalitatis,
700 1974 784 2037 sicut
798 1972 993 2037 desideravit
1003 1972 1133 2057 quando
1142 1994 1266 2057 pauper
1279 1973 1459 2037 monachus
1470 1973 1652 2039 claustralia

448 2074 521 2153 fuit,
536 2084 570 2138 et
586 2075 754 2158 sicutipse
769 2074 873 2139 voluit
887 2088 963 2137 ante
978 2073 1170 2138 electionem
1185 2096 1289 2152 suam,
1304 2084 1343 2138 ut
1364 2075 1480 2139 francs
1490 2076 1651 2161 jurarent,

449 2189 488 2241 ut
502 2198 600 2260 super
609 2197 845 2261 quemcumque
860 2197 932 2240 sors
947 2175 1075 2240 abbatie
1090 2177 1230 2256 caderet,
1244 2177 1307 2241 hoc
1321 2178 1454 2243 faceret.
1492 2178 1560 2245 Sed
1570 2180 1649 2247 dum

448 2280 512 2344 hoc
538 2277 688 2362 cogitavi,
721 2277 860 2340 occurrit
885 2276 966 2340 mihi
988 2279 1154 2357 memorie,
1179 2279 1267 2364 quod
1290 2279 1422 2365 quidam
1445 2280 1528 2345 alius
1556 2280 1648 2366 prius

447 2380 572 2445 dixerat
596 2379 626 2449 ei
649 2379 736 2444 idem
750 2377 896 2458 verbum,
911 2392 945 2444 et
969 2380 1132 2443 audieram
1156 2380 1306 2446 abbatem
1328 2384 1592 2469 respondentem,
1612 2405 1649 2449 se

446 2505 514 2546 non
529 2503 626 2567 posse
641 2481 862 2546 demembrare
873 2481 1052 2560 baroniam,
1067 2483 1189 2567 scilicet
1198 2504 1258 2548 nec
1267 2484 1383 2550 debere
1395 2486 1541 2552 minuere
1550 2485 1648 2552 liber·

446 2593 547 2650 tatem
561 2596 596 2647 et
610 2583 811 2668 dignitatem,
827 2606 924 2669 quam
941 2583 998 2648 H.³
1024 2583 1124 2648 abbas
1148 2597 1182 2649 et
1203 2586 1302 2650 ceteri
1327 2588 1572 2672 predecessores
1595 2587 1648 2662 sui

445 2686 630 2752 habuerunt
651 2688 691 2752 de
714 2686 856 2750 ecclesiis
882 2686 1052 2765 donandis,
1075 2688 1130 2772 qui
1152 2688 1274 2752 nullam
1296 2690 1347 2755 vel
1369 2691 1424 2755 vix
1438 2692 1647 2778 contulerunt

444 2791 642 2856 conventui:
665 2781 833 2855 etidcirco
848 2789 945 2853 tacui.
990 2791 1154 2875 Scriptum
1169 2791 1233 2855 tale
1247 2791 1329 2855 fuit:

487 2898 507 2931 “
520 2895 593 2958 Hee
605 2903 683 2958 sunt
694 2892 827 2957 ecclesie
839 2892 880 2956 de
892 2891 1043 2956 maneriis
1059 2901 1092 2956 et
1104 2893 1263 2978 socbagiis
1274 2893 1411 2958 abbatis.
1440 2895 1589 2961 Ecclesia
1602 2895 1644 2960 de

441 2995 605 3062 Meleford
632 2995 719 3060 valet
744 2993 777 3058 xl
806 2993 916 3072 libras,
948 2994 1165 3059 Gerentona⁴
1193 3017 1215 3058 x
1256 3018 1391 3076 marcas,
1423 2995 1567 3062 Saxham
1596 2997 1641 3083 xij

442 3123 576 3179 marcas,
600 3101 769 3184 Hargrava
782 3121 804 3162 v
819 3121 953 3176 marcas,
969 3098 1191 3163 Brethenham
1206 3121 1227 3162 v
1242 3121 1377 3179 marcas,
1392 3100 1552 3165 Bocsford
1567 3121 1644 3166 cen·

442 3213 512 3265 tum
529 3200 661 3278 solidos,
676 3203 780 3286 major
794 3200 959 3264 Fomham
983 3223 1001 3264 c
1024 3200 1156 3280 solidos,
1173 3201 1283 3266 Stowa
1302 3225 1320 3267 c
1341 3202 1474 3284 solidos,
1489 3204 1645 3293 Hunege.

442 3312 521 3367 tona
534 3324 556 3362 v
570 3323 707 3378 marcas,
722 3301 930 3365 Helmeswell
944 3311 1010 3365 tres
1024 3325 1158 3383 marcas,
1172 3303 1317 3369 Cottuna
1330 3305 1374 3390 xij
1390 3328 1523 3387 marcas,
1538 3309 1642 3379 Broc-

443 3405 515 3469 ford
544 3427 566 3468 v
595 3427 730 3485 marcas,
761 3405 934 3488 Palegrava
961 3427 984 3470 x
1009 3429 1144 3487 marcas,
1179 3410 1282 3494 major
1314 3407 1582 3494 Homingesherd
1613 3438 1641 3481 v

442 3529 575 3585 marcas,
598 3505 827 3591 Cunegestuna
850 3527 894 3590 ιιι]
902 3523 932 3556 or
957 3529 1090 3587 marcas,
1116 3509 1257 3575 Herlava
1279 3509 1336 3574 xix
1357 3534 1492 3592 marcas,
1514 3511 1642 3602 Stapel.

439 3610 532 3675 forda
546 3619 612 3673 tres
627 3629 760 3687 marcas,
775 3608 979 3672 'liveteshala
993 3631 1011 3674 c
1026 3610 1158 3691 solidos,
1170 3611 1398 3696 Wirlingword
1413 3635 1487 3678 cum
1497 3616 1642 3707 Beding·

439 3715 504 3780 leld
522 3737 566 3778 xx
581 3734 715 3791 marcas,
731 3712 850 3776 Saham
864 3711 898 3775 vi
913 3734 1047 3789 marcas,
1063 3712 1218 3777 medietas
1241 3714 1374 3778 ecclesie
1397 3715 1439 3781 de
1465 3717 1641 3792 Wortharn

440 3818 604 3895 csolid0s‚
627 3816 821 3900 Rungetona
845 3835 888 3877 xx
912 3836 1046 3896 marcas,
1069 3816 1158 3901 'l'orp
1181 3816 1215 3880 vi
1238 3839 1372 3897 marcas,
1392 3818 1508 3905 Wlpet
1529 3835 1645 3908 preter

536 3959 687 4009 'Deatxii
701 3962 742 4009 ⁶25.
810 3955 1010 4017 ²Ecclcsiastes‚
1023 3958 1050 4007 ii.
1063 3960 1087 4006 3.
1154 3950 1262 4021 ³lllrgo.
1329 3961 1519 4026 acherium
