3556 4898
309 574 330 630 2
547 585 707 630 caoruca
730 584 901 630 rocuurxr
927 584 974 629 nu
999 582 1265 628 unauuconna.

310 759 374 822 que
398 736 540 801 excrevit
557 736 742 802 vertebatur
754 735 790 799 in
804 734 971 800 katallum.
1015 734 1244 801 Descendebat
1257 734 1318 797 hec
1332 729 1509 797 infirmitas

311 861 332 900 a
352 840 457 922 capite
472 840 505 902 in
519 839 674 918 membra,
697 860 717 901 a
738 839 862 922 prelato
877 838 911 901 in
934 838 1109 924 subjectos.
1154 837 1252 903 Unde
1266 835 1402 920 contigit
1417 832 1512 918 quod

313 942 448 1025 quilibet
461 942 711 1006 obedientiarius
726 941 859 1006 haberet
870 940 1010 1025 sigillum
1020 941 1200 1025 proprium,
1209 950 1243 1004 et
1252 939 1362 1003 debito
1377 960 1412 1002 ae
1423 937 1511 1001 obli-

311 1056 401 1128 garet
416 1054 483 1106 tam
494 1044 602 1127 judeis
616 1066 713 1128 quam
728 1044 911 1108 christianis
926 1063 986 1126 pro
1000 1041 1167 1104 voluntate
1188 1063 1256 1104 sua.
1301 1040 1384 1123 Sepe
1403 1059 1511 1122 cappe

315 1145 617 1230 serice,etampulle
626 1167 731 1224 auree,
741 1154 775 1209 et
783 1145 844 1208 alia
853 1153 1043 1208 ornamenta
1054 1143 1187 1206 ecclesie
1196 1139 1513 1225 impignorabantur,

315 1248 500 1311 incomulto
514 1257 687 1312 conventu.
730 1247 808 1311 Vidi
822 1255 944 1311 cartam
958 1243 1028 1308 fieri
1042 1244 1206 1307 Willelmo
1217 1244 1284 1306 filio
1301 1241 1408 1306 Isabel
1419 1242 1513 1306 mille

315 1347 468 1412 librarum
483 1359 517 1412 et
530 1349 582 1429 113
604 1349 662 1412 scd
676 1371 736 1414 nec
751 1372 880 1414 caumm
895 1369 955 1411 nec
969 1347 1125 1431 originem
1141 1346 1230 1410 scivi.
1273 1344 1350 1409 Vidi
1365 1356 1399 1408 et
1412 1345 1513 1408 uliam

317 1462 436 1514 mnam
446 1451 515 1515 tieri
525 1451 625 1527 isaac,
635 1450 702 1514 filio
714 1448 808 1535 Raby
818 1449 841 1514 J
842 1472 910 1529 oce,
925 1471 1009 1514 cccc.
1024 1448 1190 1526 librarum,
1205 1448 1263 1512 sed
1277 1446 1386 1512 nescio
1399 1468 1513 1531 quare.

317 1552 395 1616 Vidi
420 1565 454 1617 et
471 1552 602 1618 terciam
625 1562 745 1616 cartam
760 1552 830 1617 fieri
852 1551 1030 1616 Benedicto
1048 1551 1148 1635 judeo
1172 1551 1212 1615 de
1232 1550 1394 1628 Norwico,
1409 1549 1516 1614 octies

319 1677 348 1720 c.
362 1655 514 1719 librarum
529 1666 564 1719 et
586 1665 700 1739 quater
721 1654 854 1740 viginti3
876 1664 910 1719 et
923 1654 983 1717 hec
998 1653 1060 1716 fuit
1074 1653 1163 1737 origo
1178 1662 1213 1716 et
1226 1673 1322 1716 causa
1342 1652 1441 1736 hujus
1457 1652 1517 1715 de·

319 1759 390 1823 biti.
434 1759 608 1822 Destructa
635 1757 698 1820 fuit
727 1778 852 1821 camera
880 1765 1001 1835 nostra,
1023 1765 1058 1821 et
1085 1755 1207 1839 recepit
1231 1776 1303 1818 eam
1330 1753 1517 1818 Willelmus

321 1860 455 1924 sacrista
467 1860 581 1923 volens
595 1860 649 1923 vel
671 1859 796 1938 nolens,
811 1868 849 1922 ut
862 1881 933 1924 eam
948 1859 1162 1937 instauraret;
1185 1867 1219 1922 et
1233 1857 1358 1922 occulte
1372 1877 1520 1941 apprun-

322 1963 404 2026 tavit
428 1984 448 2025 a
471 1961 649 2025 Benedicta
670 1961 770 2046 judeo
784 1963 829 2026 xl.
849 1983 972 2025 marcas
998 1961 1039 2024 ad
1053 1982 1196 2039 usuram,
1212 1960 1288 2024 etei
1303 1960 1518 2024 fecitcartam

322 2064 480 2147 signatam
496 2063 635 2146 quodam
651 2062 755 2145 sigillo
779 2062 865 2145 quod
887 2061 1011 2126 solebat
1026 2061 1166 2145 pendere
1184 2062 1225 2126 ad
1241 2062 1396 2126 feretrum
1411 2063 1520 2127 sancti

322 2162 516 2240 AEdmundi,
531 2162 618 2226 unde
632 2161 718 2245 gilde
729 2173 762 2226 et
776 2164 1024 2228 interneciones
1036 2164 1184 2229 solebant
1193 2164 1333 2250 sigillari,
1343 2165 1430 2250 quod
1439 2187 1522 2250 pos-

323 2277 377 2328 tea
391 2264 448 2327 scd
463 2264 553 2329 tarde
564 2265 700 2328 fractum
712 2274 773 2341 est,
784 2265 920 2349 jubente
932 2275 1106 2330 conventu.
1151 2266 1237 2331 Cum
1246 2277 1355 2330 autem
1365 2267 1523 2332 crevisset

324 2366 470 2430 debitum
493 2366 573 2429 illud
597 2389 700 2451 usque
723 2368 763 2431 ad
779 2390 808 2432 c.
823 2368 932 2446 libras,
946 2369 1037 2434 venit
1054 2369 1173 2454 judeus
1187 2378 1321 2454 portans
1336 2370 1444 2434 literas
1460 2370 1523 2434 do-

324 2468 405 2531 mini
431 2467 513 2553 regis
540 2469 581 2531 de
604 2468 715 2533 debito
731 2470 884 2550 sacriste3
907 2481 941 2535 et
954 2479 1034 2534 tunc
1049 2471 1180 2535 demum
1202 2470 1309 2554 patuit
1323 2469 1410 2555 quod
1424 2468 1523 2537 latuit

324 2568 474 2633 abbatem
503 2580 538 2633 et
566 2583 773 2635 conventum.
832 2573 938 2636 Iratus
963 2583 1073 2637 autem
1099 2571 1199 2636 abbas
1227 2572 1331 2636 voluit
1359 2572 1523 2657 deponere

325 2673 502 2750 mensum,
516 2673 711 2757 pretendens
726 2674 927 2759 privilegium
937 2675 1060 2739 domini
1074 2697 1169 2759 pape,
1183 2685 1222 2739 ut
1235 2685 1348 2760 posset
1358 2677 1524 2761 deponere

324 2774 527 2839 Willelmum
554 2775 719 2841 sacristam
744 2798 851 2856 suum,
871 2777 1000 2861 quando
1015 2777 1125 2842 vellet.
1168 2777 1269 2841 Venit
1283 2788 1391 2841 autem
1406 2773 1523 2862 aliquis

324 2876 366 2941 ad
389 2875 551 2956 abbatem,
571 2887 614 2958 et,
639 2879 776 2962 loquens
799 2901 858 2963 pro
883 2881 1024 2959 sacrista,
1050 2879 1096 2943 ita
1121 2878 1332 2943 circumvenit
1359 2878 1523 2960 abbatem,

325 2980 413 3066 quod
427 3002 543 3065 passus
558 2991 610 3046 est
631 2990 752 3046 cartam
766 2980 836 3045 fieri
860 2981 1038 3046 Benedicto
1046 2980 1147 3066 judeo
1162 3002 1245 3045 cccc.
1270 2980 1434 3060 librarum,
1448 2983 1525 3046 red·

326 3084 505 3149 dendarum
528 3082 563 3146 in
589 3081 654 3147 fine
678 3082 756 3167 iiij⁰r
778 3104 948 3162 annorum,
975 3082 1098 3147 scilicet
1121 3104 1182 3168 pro
1205 3105 1233 3147 c.
1256 3082 1346 3146 libris
1370 3106 1433 3168 que
1453 3085 1525 3169 jam

327 3195 535 3250 exacuerant
548 3184 582 3246 in
596 3205 740 3261 usuram,
763 3193 797 3248 et
819 3185 888 3248 aliis
904 3207 932 3250 c.
947 3185 1038 3249 libris
1053 3208 1132 3270 quas
1148 3184 1234 3249 idem
1246 3185 1364 3270 judeus
1379 3204 1527 3251 commo·

329 3285 420 3350 davit
430 3282 562 3347 sacriste
577 3283 617 3345 ad
632 3304 715 3367 opus
731 3281 867 3349 abbatis.
910 3286 956 3348 Et
972 3287 1104 3350 sacrista
1114 3287 1256 3372 suscepit
1265 3310 1361 3353 omne
1377 3288 1528 3352 debitum

329 3385 409 3451 illud
432 3383 632 3448 reddendum
656 3384 690 3448 in
715 3384 813 3468 pleno
831 3385 983 3470 capitulo,
1008 3398 1042 3451 et
1055 3388 1139 3452 facta
1158 3400 1209 3455 est
1223 3399 1310 3455 carta
1325 3391 1429 3476 sigillo
1446 3413 1528 3456 con·

329 3497 447 3555 ventus
463 3486 597 3571 signata,
618 3485 735 3551 abbate
750 3487 973 3552 dissimulante
999 3500 1033 3554 et
1058 3491 1198 3575 sigillum
1215 3515 1311 3557 suum
1332 3515 1398 3557 non
1423 3515 1529 3578 appo-

330 3602 440 3668 nente,
452 3600 605 3671 tanquam
615 3588 695 3651 illud
707 3588 853 3653 debitum
862 3612 929 3654 non
940 3593 1117 3676 pertineret
1131 3596 1171 3658 ad
1186 3595 1287 3661 illum.
1325 3597 1366 3659 ln
1375 3596 1440 3660 fine
1449 3618 1530 3661 vero

331 3704 470 3778 quatuor
481 3710 640 3754 annorum
650 3712 716 3753 non
727 3692 891 3756 eratunde
902 3692 983 3757 illud
994 3694 1140 3759 debitum
1150 3706 1263 3780 posset
1273 3698 1364 3761 reddi
1373 3723 1383 3776 ς
1399 3708 1432 3761 et
1442 3698 1531 3762 facta

306 3801 310 3810 '
332 3806 383 3858 est
397 3815 482 3858 nova
496 3800 584 3856 carta
597 3791 698 3855 octies
718 3814 746 3856 c.
772 3791 924 3857 librarum
939 3805 973 3859 et
998 3806 1110 3880 quater
1132 3799 1247 3883 viginti
1270 3799 1434 3878 librarum,
1455 3800 1532 3864 red-

334 3895 510 3960 dendarum
526 3893 566 3956 ad
582 3892 737 3957 terminos
748 3903 899 3974 statutos,
910 3897 1002 3960 annis
1018 3898 1152 3983 singulis
1167 3910 1280 3984 quater
1294 3923 1347 3966 xx.
1363 3900 1531 3967 librarum.

335 3997 462 4062 Habuit
475 4009 508 4062 et
521 3997 608 4061 idem
619 3997 738 4082 judeus
758 3997 866 4082 plures
881 3998 959 4061 alias
974 4009 1082 4085 cartas·
1092 4001 1132 4065 de
1147 4001 1328 4066 minoribus
1351 4002 1480 4082 debitis,
1495 4016 1533 4068 et

332 4100 470 4184 aliquam
480 4107 599 4164 cartam
610 4119 673 4184 que
684 4107 752 4163 erat
761 4097 827 4183 xiiij
839 4121 1008 4178 annorum,
1023 4100 1068 4165 ita
1083 4103 1170 4185 quod
1182 4126 1308 4170 summa
1322 4104 1424 4170 debiti
1439 4105 1530 4170 illius
