3556 4898
405 598 445 653 52
648 608 809 655 CBONICA
832 608 1003 655 JOCEUNI
1027 609 1075 654 D!
1099 609 1365 657 scutatorum.

273 766 305 815 A.
322 766 393 815 ¹¹6³·
406 771 528 825 nerunt
549 774 657 827 autem
680 763 767 847 apud
795 761 957 847 Radingas
981 762 1155 847 pugnaturi
1175 761 1209 826 in
1229 762 1338 828 insula
1359 762 1503 847 quadam
1529 758 1609 823 satia

408 865 549 931 Abbatie
578 866 703 945 vicina3
744 865 898 930 convenit
926 875 961 930 et
980 866 1125 951 gentium
1154 865 1341 945 multitudo,
1368 865 1482 929 visura
1510 883 1607 947 quem

407 969 506 1034 finem
529 991 581 1033 rea
604 968 784 1033 sortiretur.
830 967 876 1032 Et
889 968 1012 1032 factum
1026 977 1088 1048 est,
1102 989 1178 1034 cum
1194 965 1357 1032 Robertua
1379 965 1471 1030 diuis
1485 974 1522 1030 et
1538 985 1606 1028 me·

407 1071 475 1135 bris
485 1070 604 1136 ictibus
618 1070 754 1135 viriliter
768 1071 962 1147 intonasset,
977 1080 1011 1134 et
1032 1069 1138 1133 audax
1161 1067 1357 1153 principium
1379 1069 1526 1133 frum
1539 1066 1605 1130 ric·

407 1176 490 1240 torie
503 1174 718 1259 promisisset,
735 1173 898 1238 Henricus
913 1192 1087 1257 parumper
1109 1170 1261 1235 deficiens
1282 1171 1536 1257 circumquaque
1556 1190 1606 1235 re-

408 1278 527 1363 spexit,
543 1287 577 1342 et
597 1298 671 1343 ecce
687 1277 719 1340 in
737 1275 879 1341 confinio
895 1284 979 1339 terre
995 1283 1030 1340 et
1048 1273 1192 1338 fluminis
1206 1274 1289 1339 vidit
1301 1274 1481 1360 gloriosum
1494 1295 1604 1359 regem

407 1390 441 1445 et
455 1380 619 1445 martirem
634 1378 863 1443 AEdmundum
877 1386 1038 1442 armatum
1052 1386 1087 1442 et
1100 1376 1192 1461 quasi
1213 1375 1247 1440 in
1269 1397 1343 1441 aare
1356 1376 1552 1441 volitantem
1571 1386 1606 1441 et

406 1504 480 1547 cum
496 1483 635 1567 quadam
661 1481 771 1544 mltos
793 1480 980 1545 austeritate
1002 1500 1116 1543 versus
1139 1499 1214 1543 eum
1237 1479 1350 1544 crebro
1371 1478 1490 1565 capitis
1511 1488 1606 1543 motu

407 1585 511 1649 minas
534 1584 699 1650 iracundie
717 1594 751 1648 et
774 1580 1009 1668 indignacionis
1032 1580 1145 1665 plenas
1168 1581 1419 1664 pretendentem
1431 1606 1442 1660 ;
1465 1579 1550 1645 vidit
1570 1590 1604 1645 et

405 1687 504 1750 alium
520 1709 595 1751 cum
610 1708 650 1751 eo
666 1685 813 1764 militem,
830 1684 1015 1749 Gilbertum
1039 1682 1080 1747 de
1095 1680 1257 1762 Cerivilla,
1278 1706 1347 1750 non
1371 1684 1479 1749 solum
1504 1705 1605 1768 quan·

406 1800 476 1853 tum
492 1789 532 1852 ad
549 1788 771 1874 apparentiam
795 1786 897 1872 gradu
912 1785 1076 1871 dignitatis
1091 1785 1286 1867 inferiorem,
1308 1788 1367 1853 sed
1381 1798 1416 1852 et
1428 1787 1472 1852 ab
1490 1787 1605 1851 hume·

406 1892 450 1955 ria
466 1913 564 1977 supra
579 1901 702 1955 statura
716 1891 888 1969 minorem,
903 1888 1015 1954 oculos
1037 1887 1129 1972 quasi
1153 1888 1359 1975 indignantes
1382 1900 1417 1955 et
1430 1890 1605 1956 iracundos

405 1993 440 2056 in
456 2015 531 2057 cum
546 2003 746 2057 convertere.
793 1992 858 2056 Hic
874 1991 915 2055 ad
929 2000 1119 2076 preceptum
1135 1989 1238 2076 ipsius
1254 1992 1402 2071 Henrici,
1416 1991 1558 2057 vinculis
1571 2001 1606 2056 et

406 2095 578 2157 tormentis
593 2093 742 2172 afflictus,
758 2094 845 2158 diem
865 2093 981 2157 clausit
996 2103 1187 2171 extremum,
1208 2092 1356 2157 intrusus
1379 2093 1552 2159 oomsione
1572 2102 1607 2157 et

405 2192 615 2258 acousacione
625 2194 736 2257 uxoris
750 2195 895 2270 Henrici‚
911 2216 973 2278 que
985 2196 1149 2281 propriam
1160 2194 1337 2279 nequitiam
1350 2195 1385 2260 in
1396 2196 1607 2262 innocentem

405 2294 592 2371 deflectens,
607 2292 735 2358 dicebat
750 2316 784 2358 se
798 2297 973 2379 petitiones
988 2299 1147 2384 precarias
1163 2298 1303 2363 Gilberti
1313 2298 1354 2362 de
1368 2297 1483 2363 illicito
1497 2318 1606 2362 amore

405 2420 472 2460 uon
489 2418 585 2480 posse
601 2396 771 2462 sustinere.
810 2399 884 2463 Hos
899 2400 1019 2485 itaque,
1031 2410 1098 2465 tam
1113 2401 1270 2467 sollicitus
1282 2423 1379 2486 quam
1395 2400 1544 2480 timidus,
1557 2399 1607 2464 in·

405 2509 513 2575 tuens,
530 2497 691 2561 Henricus
706 2499 876 2583 antiquum
886 2503 991 2567 scelus
1003 2524 1125 2566 novum
1139 2504 1221 2568 farre
1235 2503 1394 2588 pudorem
1408 2504 1606 2569 recordatur.

405 2600 451 2663 Et
471 2599 539 2683 jam
556 2608 646 2662 totus
662 2600 848 2685 desperans,
862 2613 897 2667 et
918 2604 1077 2669 rationem
1092 2605 1127 2668 in
1143 2603 1302 2689 impetum
1318 2615 1526 2684 convertens,
1545 2605 1606 2671 im·

404 2700 591 2787 pugnantis,
606 2723 672 2765 non
688 2701 903 2784 defendentis,
917 2704 1096 2788 assumpsit
1109 2706 1261 2770 officium.
1307 2707 1374 2773 Qui
1386 2708 1467 2772 dum
1480 2707 1608 2773 fortiter

404 2803 575 2888 percussit,
589 2803 704 2867 fortius
720 2825 893 2888 percussus
908 2818 977 2887 est;
1000 2817 1034 2872 et
1053 2808 1132 2871 dum
1150 2809 1286 2875 viriliter
1310 2810 1537 2897 impugnabat,
1558 2811 1606 2875 vi-

404 2907 494 2972 rilius
518 2908 769 2993 inpugnabatur.
824 2907 915 2983 Quid
938 2909 1063 2974 multa?
1093 2910 1200 2975 victus
1234 2911 1397 2978 occubuit.
1454 2913 1605 2999 Cumque

402 3024 552 3077 mortuus
582 3012 777 3092 crederetur,
803 3013 844 3076 ad
874 3034 1024 3097 magnam
1046 3011 1241 3095 peticionem
1261 3023 1451 3099 magnatum
1475 3015 1604 3101 Anglie‚

402 3116 548 3199 ejusdem
565 3115 701 3180 Henrici
716 3114 1041 3199 consanguineorum,
1063 3135 1254 3178 conoessum
1269 3126 1320 3180 est
1334 3118 1505 3183 monachis
1519 3118 1607 3203 ejus·

404 3217 479 3277 dem
490 3215 564 3292 loci,
576 3226 614 3278 ut
628 3216 743 3279 darent
757 3216 827 3297 ejus
839 3237 957 3299 corpus
969 3214 1145 3298 sepulture.
1177 3217 1295 3282 Postea
1305 3229 1416 3283 tamen
1428 3218 1605 3298 convaluit,

405 3321 450 3388 et,
465 3322 632 3394 resumpto
648 3311 795 3375 sanitatis
810 3313 979 3392 beneficio,
995 3316 1057 3380 sub
1068 3318 1206 3401 regulari
1223 3319 1350 3401 habitu,
1361 3322 1542 3407 superioris
1552 3320 1604 3387 evi

404 3411 512 3475 labem
524 3412 669 3491 detersit,
684 3422 728 3490 et,
743 3412 873 3495 longam
888 3414 1045 3481 dissolute
1060 3419 1154 3483 etatis
1170 3420 1386 3487 ebdomadam
1400 3447 1469 3489 uno
1489 3424 1604 3489 saltem

405 3512 541 3578 sabbato
569 3537 685 3579 curans
708 3525 891 3594 venustare,
918 3519 1026 3583 studia
1050 3521 1208 3588 virtutum
1230 3525 1265 3589 in
1289 3527 1417 3611 frugem
1439 3525 1605 3591 felicitatis

403 3616 599 3681 excoluit.-

449 3719 614 3781 Galfridus
631 3717 777 3782 Ridellus
791 3719 963 3804 episcopus
983 3721 1125 3786 Eliensis
1137 3726 1232 3808 petiit
1245 3728 1286 3793 ab
1302 3729 1420 3795 abbate
1435 3731 1605 3797 materiam

404 3820 565 3903 lignomm
586 3821 628 3883 ad
651 3820 789 3904 quedam
815 3843 931 3904 magna
954 3823 1080 3888 edificia
1100 3826 1247 3893 facienda
1265 3832 1354 3915 apud
1370 3831 1604 3907 Glcmesford3

406 3921 494 4003 quod
509 3932 542 3986 ct
565 3922 664 3987 abbas
679 3923 852 4002 concessit,
874 3935 925 3989 set
949 3926 1092 4006 invitus3
1114 3951 1182 3993 non
1196 3953 1295 3995 ausus
1310 3941 1389 3998 tunc
1403 3955 1482 3999 eum
1497 3935 1604 4000 offen-

407 4021 491 4083 dere.
544 4022 671 4088 Abbate
700 4046 824 4088 moram
860 4026 948 4110 apud
979 4028 1140 4093 Meleford
1168 4030 1317 4112 faciente,
1346 4034 1438 4099 venit
1468 4035 1605 4121 quidam
