3556 4898
405 444 447 501 80
642 455 803 500 GRONICA
825 454 996 499 socruum
1021 454 1069 498 DE
1093 450 1362 498 Ranisstorum.

404 608 506 673 nichil
516 608 580 673 tale
590 606 669 692 quid
677 616 912 693 perceperunt=
941 604 1073 690 quidam
1088 614 1199 671 umen
1218 602 1431 669 circumcirca
1444 601 1610 667 intuentes

406 710 594 796 querebant,
605 710 662 774 ubi
677 711 740 774 fuit
754 710 837 794 ignis
851 731 949 794 quem
964 707 1048 773 circa
1061 708 1218 774 feretmm
1231 698 1334 772 luisse
1344 708 1417 793 jsm
1428 706 1608 771 audieruut

408 812 559 895 Cumque
585 833 659 895 ergo
675 811 808 875 omnino
823 810 919 874 celari
944 830 1011 873 non
1034 811 1153 894 potuit,
1175 831 1371 896 responsum
1397 818 1452 873 est
1475 827 1611 893 queren-

407 914 508 992 tibus,
532 914 699 977 candelam
714 913 869 977 cecidisse
883 920 918 975 et
937 911 1139 996 manutergia
1153 911 1215 975 tria
1229 910 1392 977 conbusta
1405 932 1492 989 esse,
1517 920 1552 975 et
1568 910 1608 974 sd

407 1016 492 1100 ignis
507 1016 645 1080 calorem
660 1014 783 1099 lapides
798 1012 957 1097 quosdam
972 1013 1006 1076 in
1021 1013 1129 1076 fronte
1142 1012 1252 1076 feretri
1269 1012 1447 1097 deperisse.
1493 1011 1608 1096 Finge-

408 1119 466 1183 bat
487 1128 597 1183 tamen
624 1119 710 1180 fama
734 1116 873 1180 mendax
888 1125 987 1199 caput
1000 1113 1113 1179 sancti
1136 1135 1208 1178 esse
1231 1114 1454 1179 conbustum:
1478 1113 1608 1198 quidam

411 1220 562 1285 dicebant
577 1219 710 1303 capillos
725 1227 853 1281 tantum
868 1238 940 1281 esse
954 1216 1150 1296 conbust0s3
1174 1215 1232 1279 sed
1246 1216 1378 1300 cognita
1393 1216 1607 1302 postmodum

409 1323 556 1400 veritate,
571 1320 777 1384 obstructum
792 1328 843 1383 est
857 1340 894 1381 os
910 1317 1112 1401 loquentium
1127 1316 1258 1400 iniqua.¹
1296 1317 1371 1381 Hec
1394 1316 1507 1381 omnia
1527 1316 1609 1381 faeta

409 1432 498 1501 sunt,
517 1421 708 1507 providente
728 1419 884 1498 Domino,
899 1428 937 1482 ut
950 1419 1021 1482 loca
1035 1419 1118 1482 circa
1132 1419 1285 1482 feretrum
1302 1419 1408 1482 sancti
1423 1417 1476 1482 sui
1491 1418 1609 1481 hones·

410 1525 476 1590 tius
491 1524 741 1602 custodirentur,
751 1532 785 1587 et
800 1532 837 1586 ut
847 1523 1050 1607 propositum
1066 1521 1191 1585 domini
1205 1520 1333 1585 abbatis
1359 1522 1457 1585 citius
1483 1531 1518 1585 et
1540 1520 1608 1585 sius

411 1626 568 1692 dilacione
578 1625 724 1691 debitum
739 1626 837 1689 finem
850 1624 1018 1688 sortiretur
1030 1649 1039 1702 3
1055 1623 1187 1698 scilicet,
1199 1632 1238 1686 ut
1248 1623 1359 1707 ipsum
1371 1624 1528 1687 feretrum
1536 1643 1609 1687 eum

411 1749 546 1813 corpore
561 1728 664 1793 sancti
679 1726 819 1791 martiris
845 1725 989 1792 securius
1005 1734 1040 1789 et
1059 1725 1230 1809 gloriosius
1249 1725 1284 1788 in
1306 1724 1381 1790 loco
1397 1723 1609 1790 eminentiore

411 1840 608 1915 poneretur;
624 1830 699 1914 quia
713 1840 885 1912 antequam
901 1828 963 1892 hoc
978 1827 1159 1914 predictum
1173 1826 1389 1891 infortunium
1403 1825 1532 1904 accidit,
1542 1827 1610 1911 jam

411 1931 509 1994 crista
523 1931 633 1995 feretri
646 1953 749 2017 usque
765 1932 806 1994 ad
822 1930 1028 1994 medietatem
1043 1931 1128 1993 facta
1142 1929 1215 2009 fuit,
1237 1938 1272 1993 et
1296 1928 1421 2013 lapides
1440 1929 1612 1993 marmorei
1676 1966 1679 1971 -

413 2032 455 2093 ad
469 2031 660 2094 elevandum
676 2040 710 2094 et
724 2032 951 2095 sustinendum
965 2033 1131 2110 feretrum,
1147 2053 1187 2097 ex
1213 2039 1305 2114 parte
1319 2052 1446 2116 magna,
1459 2031 1563 2115 parati
1577 2040 1613 2095 et

412 2129 507 2214 politi
521 2131 659 2196 fuerant.
1446 2178 1452 2187 .

455 2230 558 2295 Valde
588 2230 718 2296 dolebat
746 2231 898 2295 dominus
928 2230 1028 2296 abbas
1058 2233 1113 2317 qui
1146 2231 1264 2296 absens
1289 2241 1370 2311 erat,
1399 2234 1521 2299 auditis
1549 2235 1612 2300 hiis

412 2333 618 2412 rumoribus3
641 2333 696 2417 qui
712 2335 847 2397 domum
861 2334 1000 2412 rediens,
1024 2344 1057 2398 et
1072 2336 1106 2397 in
1132 2334 1311 2418 capitulum
1325 2334 1473 2415 veniens,
1495 2337 1557 2402 bec
1580 2347 1614 2402 et

413 2435 593 2500 consimilia
616 2444 650 2499 et
676 2435 773 2498 etiam
788 2435 911 2519 majora
934 2435 1076 2520 pericula
1100 2436 1183 2500 dixit
1205 2458 1302 2521 posse
1325 2437 1454 2502 evenire
1479 2449 1613 2524 propter

413 2545 546 2622 peccate
560 2544 682 2615 nostra,
698 2545 732 2601 et
750 2536 890 2601 maxime
904 2547 1039 2622 propter
1053 2537 1329 2602 murmuraciones
1341 2548 1470 2603 nostras
1485 2540 1528 2604 de
1541 2540 1613 2606 cibo

414 2648 449 2704 et
462 2649 564 2724 potu3
589 2638 718 2723 culpam
737 2638 978 2723 quodammodo
994 2639 1028 2703 in
1043 2640 1287 2704 universitatem
1307 2651 1489 2705 conventus
1512 2652 1615 2707 retor-

414 2763 528 2827 quens,
540 2739 654 2826 pocius
665 2762 763 2825 quam
777 2739 812 2803 in
827 2739 998 2805 avariciam
1014 2750 1047 2804 et
1062 2741 1293 2826 negligenciam
1303 2742 1479 2805 custodum
1493 2742 1612 2809 feretri.

415 2844 463 2909 Ut
474 2865 549 2929 ergo
559 2864 620 2907 nos
631 2841 808 2928 prudenter
819 2841 988 2906 induceret
998 2842 1039 2904 ad
1050 2841 1125 2920 hoc,
1136 2851 1173 2905 ut
1184 2841 1419 2907 abstinenciam
1430 2844 1612 2909 faceremus

414 2946 454 3009 de
469 2944 616 3030 pitantiis
630 2936 761 3023 nostris,
777 2943 893 3007 saltem
907 2965 974 3006 uno
989 2965 1086 3021 anno,
1101 2953 1145 3020 et,
1164 2943 1205 3006 ad
1224 2945 1365 3008 frontem
1385 2944 1498 3010 feretri
1521 2968 1614 3033 reps-

414 3047 548 3110 randam
564 3047 604 3110 de
618 3069 701 3131 puro
716 3068 807 3124 auro,
832 3045 978 3110 redditus
1002 3047 1042 3110 de
1064 3047 1240 3131 pitanceris
1266 3068 1518 3132 apponeremus,
1543 3049 1614 3134 ipse

414 3147 539 3230 primus
555 3147 644 3210 dedit
658 3148 843 3231 exemplum
854 3147 1023 3231 largitatis,
1038 3157 1072 3212 et
1086 3157 1194 3213 totum
1206 3158 1371 3213 tesaurum
1398 3171 1496 3213 suum
1518 3171 1615 3234 quem

415 3246 558 3311 habebat
581 3245 621 3309 de
643 3267 733 3325 suro,
748 3245 871 3311 scilicet
885 3269 929 3311 xv
952 3250 1065 3314 anulos
1081 3272 1208 3330 aureos,
1227 3251 1384 3330 valentes,
1399 3263 1438 3314 ut
1463 3253 1614 3334 creditur,

418 3348 583 3433 sexaginta
598 3369 732 3425 marcas,
747 3369 854 3411 coram
866 3348 961 3412 nobis
975 3350 1016 3413 ad
1032 3353 1271 3437 reparacionem
1279 3354 1389 3418 feretri
1405 3353 1506 3418 dedit.
1542 3354 1615 3420 Nos

419 3458 528 3513 autem
543 3446 752 3532 pitancerism
767 3458 913 3514 nostram
925 3472 996 3515 esse
1006 3451 1146 3517 dandam
1161 3455 1202 3517 ad
1217 3455 1281 3518 tale
1297 3477 1392 3541 opus,
1406 3478 1522 3522 omnes
1537 3480 1615 3523 con·

416 3551 573 3616 cessimus
587 3575 596 3629 3
612 3548 671 3613 sed
680 3558 842 3614 mutatum
851 3560 901 3616 est
910 3552 1081 3617 consilium
1092 3576 1150 3639 per
1160 3555 1327 3619 sacristam
1337 3555 1512 3638 dicentem,
1523 3579 1615 3623 sanc·

417 3664 488 3718 tum
508 3651 736 3717 AEdmundum
766 3650 849 3716 bene
874 3674 971 3738 posse
996 3675 1142 3738 reparare
1161 3657 1316 3721 feretrum
1344 3679 1442 3723 suum
1466 3659 1538 3725 sine
1559 3661 1615 3726 tali

416 3756 550 3821 auxilio.

457 3858 550 3921 'lunc
576 3857 732 3942 temporis
755 3856 847 3924 venit
871 3857 987 3942 aliquis
1010 3861 1119 3945 magni
1143 3861 1296 3941 nominis,
1317 3862 1428 3928 nescio
1453 3865 1537 3948 quis,
1559 3865 1615 3951 qui

854 3986 863 4024 ¹
881 3989 970 4039 Psalm.
981 3991 1034 4042 lxii.
1049 3996 1088 4043 12.
1101 3993 1168 4056 vulg.
