3556 4898
388 468 431 523 50
628 483 790 529 cnonroa
813 484 984 531 socrum
1009 484 1057 528 ns
1081 480 1354 528 anassnonna.

388 642 478 717 patet
490 655 585 717 quam
600 635 667 699 rim
683 636 895 720 optinuerunt
909 635 1179 702 comminationes
1194 633 1340 715 abbatis,
1351 656 1440 722 quas
1454 633 1536 701 fecit
1549 634 1600 699 die

390 735 504 819 prima,
519 738 648 821 quando
662 739 785 824 recepit
794 739 981 823 homagium
1001 738 1042 803 de
1057 737 1216 801 militibus
1234 738 1317 816 suis,
1332 738 1424 804 sicut
1437 737 1599 823 prescrip·

390 852 461 905 tum
476 849 538 919 est,
549 841 676 925 quando
691 843 809 927 singuli
823 843 941 907 milites
956 842 1177 927 promiserunt
1187 840 1219 905 ei
1228 861 1275 904 xx
1289 839 1433 918 solidos,
1443 847 1479 904 et
1487 841 1596 904 statim

392 962 426 1005 sc
448 952 659 1020 retraxerunt,
673 945 821 1008 nolentes
836 944 912 1009 dare
927 944 957 1008 ei
972 944 1006 1007 in
1023 965 1152 1006 summa
1165 943 1231 1007 nisi
1253 940 1290 1005 xl
1311 940 1430 1021 libras,
1454 940 1596 1007 dicenoes

392 1045 478 1127 quod
494 1045 604 1108 decem
620 1045 737 1109 milites
753 1045 909 1110 deberent
923 1047 1075 1131 adjuvare
1089 1056 1215 1110 ceteros
1235 1044 1457 1130 quadraginta
1470 1044 1506 1109 in
1520 1067 1596 1109 aux-

392 1148 455 1211 iliis
470 1157 503 1210 et
517 1145 630 1209 wardia
644 1147 809 1226 faciendis,
823 1157 858 1212 et
871 1148 904 1210 in
920 1147 1073 1212 omnibus
1087 1146 1325 1212 consimilibus.

281 1269 309 1318 Ρ.
323 1271 378 1317 140.
436 1250 498 1312 Est
507 1258 614 1312 autem
624 1249 760 1333 quedam
770 1259 854 1313 terra
868 1249 901 1312 in
908 1249 1127 1314 'livetteshale
1142 1249 1183 1313 de
1198 1248 1298 1314 feudo
1307 1247 1443 1313 abbatis
1453 1271 1518 1334 que
1524 1249 1595 1313 red·

393 1354 467 1418 dere
483 1351 566 1414 solet
580 1349 729 1436 vigilibus
744 1351 784 1415 de
800 1350 931 1416 castello
943 1352 976 1416 N
978 1352 1097 1431 orwici,
1112 1351 1276 1433 Write-se,
1290 1349 1326 1414 id
1336 1361 1401 1430 eat,
1416 1372 1466 1415 xx
1476 1351 1595 1415 solidos

392 1477 592 1540 perannum,
608 1453 728 1518 scilicet
738 1453 880 1538 quinque
892 1453 1015 1518 solidos
1025 1454 1060 1516 in
1072 1453 1218 1538 quolibet
1223 1453 1352 1538 jejunio
1362 1462 1509 1538 quatuor
1515 1462 1594 1520 tem·

393 1579 519 1641 porum.
563 1556 707 1639 Antiqua
732 1567 784 1620 est
804 1556 865 1620 hcc
884 1556 1099 1634 consuetudo,
1114 1577 1212 1640 quam
1226 1553 1329 1618 abbas
1343 1555 1492 1621 libenter
1502 1556 1596 1623 vellet

392 1670 528 1737 mutare,
543 1659 570 1722 si
585 1669 698 1742 posset
706 1683 715 1736 3
731 1659 788 1722 sed
802 1658 1017 1743 inpotentiam
1034 1680 1127 1721 suam
1142 1656 1354 1722 considerans
1375 1657 1412 1722 in
1426 1659 1492 1723 bac
1504 1668 1593 1745 parte

392 1762 497 1826 adhuc
512 1772 597 1827 tacet
612 1770 645 1825 ct
659 1761 851 1825 dissimulat.

787 1865 837 1927 De
851 1865 990 1928 chrico
1006 1865 1045 1928 de
1059 1863 1192 1927 Ilaecia.

436 1966 489 2029 nd
510 1965 596 2029 beati
619 1965 703 2049 regis
718 1975 751 2029 et
765 1965 905 2029 martiris
917 1966 1106 2030 memoriam
1121 1964 1272 2031 diffusius
1293 1965 1505 2047 dilatandam,
1518 1989 1592 2052 pre·

395 2066 522 2151 scriptis
538 2089 603 2131 non
618 2068 816 2146 incontinua,
826 2078 864 2131 ut
874 2068 1045 2147 credimus,
1059 2067 1148 2132 istud
1159 2067 1406 2144 conuectimua3
1428 2091 1493 2133 non
1503 2068 1593 2154 quod

395 2191 454 2253 ego
469 2169 614 2232 tantillus
629 2178 663 2233 et
676 2170 794 2233 nullius
809 2171 875 2234 lere
897 2171 1052 2235 momenti
1076 2169 1164 2234 istud
1190 2170 1372 2235 memoriali
1395 2171 1492 2235 titulo
1506 2192 1593 2235 oom-

395 2271 625 2351 mendaverim,
639 2269 648 2303 ¹
661 2274 735 2357 quia
757 2273 909 2338 dominus
934 2274 1114 2353 locelinus,
1137 2272 1384 2337 elemosinarius
1399 2284 1524 2353 noster,
1543 2274 1592 2339 vir

393 2373 555 2457 religionis
570 2376 698 2451 eximie,
712 2386 829 2460 potens
844 2376 878 2439 in
894 2398 1042 2441 sermone
1058 2386 1091 2441 et
1106 2397 1216 2460 opere,
1230 2374 1271 2439 ad
1287 2376 1465 2461 potestatis
1480 2397 1591 2461 preces

393 2475 593 2559 imperiosas,
617 2476 663 2542 sic
688 2477 819 2541 tandem
835 2499 966 2541 exorsus
982 2489 1053 2557 est3
1076 2500 1139 2563 que
1163 2500 1236 2542 mea
1250 2490 1379 2563 reputo,
1399 2479 1488 2565 quia,
1498 2478 1591 2564 juxta

394 2590 582 2664 preceptum
612 2581 744 2659 Seneca,
774 2580 926 2666 quicquid
949 2580 990 2644 ab
1014 2581 1122 2666 aliquo
1146 2581 1229 2646 bene
1253 2581 1380 2647 dictum
1420 2591 1484 2660 est,
1512 2580 1591 2645 mihi

393 2683 675 2768 inpresumptuose
689 2681 826 2749 ascribo.

438 2787 522 2852 Cum
537 2787 682 2852 venisset
696 2786 795 2851 abbas
810 2786 895 2870 apud
913 2785 1087 2871 Radingas,
1101 2797 1136 2851 et
1149 2808 1211 2851 nos
1226 2809 1302 2852 cum
1316 2808 1368 2865 eo,
1383 2787 1471 2852 sicut
1484 2785 1589 2857 decuit

394 2892 535 2976 suscepti
551 2914 662 2955 sumus
677 2913 696 2955 a
710 2888 877 2954 monachis
897 2889 1043 2973 ejusdem
1061 2889 1146 2968 loci;
1168 2890 1252 2953 inter
1272 2912 1355 2975 quos
1371 2889 1537 2956 Henricus
1551 2887 1590 2952 de

393 2998 513 3062 Esexia
527 2997 664 3059 devotus
679 2995 828 3073 occurrit,
840 2993 906 3077 qui,
921 3002 1016 3056 nacta
1024 2993 1180 3076 loquendi
1191 2994 1416 3078 oportunitate
1431 2992 1544 3057 abbati
1557 3002 1590 3055 et

394 3099 546 3164 omnibus
572 3095 799 3175 assidentibus,
821 3096 962 3159 narravit
987 3095 1124 3180 qualiter
1145 3097 1251 3161 victus
1273 3096 1336 3160 fuit
1355 3097 1390 3160 in
1414 3094 1535 3172 duello,
1557 3102 1591 3158 et

395 3202 530 3288 qualiter
545 3199 681 3263 Sanctus
696 3198 905 3261 AEdmundus
920 3209 953 3262 et
967 3199 1009 3263 ob
1024 3222 1121 3284 quam
1136 3224 1265 3265 causam
1284 3198 1434 3265 confudit
1456 3219 1530 3262 eum
1553 3196 1589 3260 in

395 3309 466 3391 ipsa
479 3306 559 3369 hora
572 3303 748 3389 pugnandi.
792 3303 864 3386 Ego
878 3324 956 3366 vero
975 3306 1191 3370 narrationem
1206 3306 1276 3390 ejus
1302 3303 1336 3367 in
1359 3300 1517 3386 scriptum
1536 3319 1585 3364 re·

395 3409 479 3492 degi,
494 3407 625 3471 domino
638 3404 753 3470 abbate
767 3405 976 3490 precipiente,
991 3416 1025 3471 et
1040 3408 1154 3493 scripsi
1168 3409 1202 3471 in
1218 3409 1279 3473 heo
1288 3404 1409 3470 verba:

438 3513 548 3580 Quum
582 3530 647 3573 non
672 3518 782 3594 potest
806 3508 925 3571 malum
947 3508 1041 3573 ritari
1071 3510 1133 3573 nisi
1161 3510 1337 3595 cognitum,
1368 3515 1462 3571 actus
1485 3514 1521 3571 et
1534 3525 1585 3569 ex·

392 3640 502 3685 cessus
519 3611 653 3680 Henrici
667 3613 708 3677 de
719 3612 869 3678 Estsexia
880 3612 1057 3677 memoriali
1073 3613 1193 3699 scripto
1208 3613 1333 3678 tradere
1348 3611 1485 3695 dignum
1500 3608 1590 3673 duci·

392 3744 476 3801 mus,
488 3721 528 3784 ad
544 3717 701 3785 cautelam
712 3717 853 3802 quidem,
865 3738 931 3780 non
943 3716 984 3780 ad
995 3739 1102 3783 usum.
1148 3716 1247 3781 Utilis
1258 3725 1292 3781 et
1302 3712 1490 3797 indempnis
1505 3711 1588 3777 solet

393 3846 463 3889 esse
482 3821 663 3907 castigacio,
686 3844 782 3908 quam
802 3819 999 3907 persuadent
1022 3820 1226 3905 exemplaria.
1283 3816 1452 3882 Predictus
1478 3815 1588 3900 itaque

831 3939 839 3971 ¹
858 3942 875 3966 “
889 3938 961 3987 Sedu
975 3939 1135 3989 desideratur.
