3556 4898
356 482 397 541 82
614 494 777 543 caonrcn
800 496 973 542 iocamur
995 496 1044 541 ns
1068 494 1340 541 autemnon.

354 650 552 714 reformaret.
595 649 721 714 Sedens
735 671 812 735 ergo
825 650 860 713 in
875 647 1029 734 capitulo,
1043 647 1232 713 celerariurn
1245 656 1283 713 et
1303 643 1560 711 subcelerarium

354 774 414 835 per
441 774 647 817 communem
672 774 842 816 assensum
868 761 1019 816 nostrum
1042 750 1118 836 eligi
1145 750 1313 836 precepit;
1339 759 1376 815 et
1405 749 1558 816 clericum

355 876 451 916 suum
466 856 614 933 removit,
630 855 751 934 dicens,
772 854 861 940 quod
875 853 1029 940 quioquid
1050 854 1180 934 fecerat,
1194 863 1332 939 propter
1346 852 1557 918 commodum

354 966 502 1020 nostrum
516 957 550 1021 id
565 956 696 1035 fecerat,
713 967 798 1022 teste
813 958 886 1022 Deo
903 967 937 1022 et
959 957 1081 1021 sanctis
1105 957 1187 1041 ejus,
1210 966 1246 1022 et
1268 978 1305 1022 se
1320 956 1438 1022 multis
1454 955 1555 1022 modis

352 1058 529 1123 excusavit.

397 1162 529 1242 Audite,
544 1160 627 1242 celi,¹
642 1185 706 1247 que
719 1163 843 1247 loquar,
852 1162 963 1226 audiat
976 1169 1083 1226 terra²
1095 1160 1219 1226 factum
1228 1159 1401 1228 samsonis
1418 1159 1555 1227 abbatis.

317 1266 324 1278 ‘
356 1264 470 1348 Igitur,
485 1266 740 1350 apropinquante
755 1266 840 1331 festo
864 1264 968 1329 sancti
990 1263 1185 1343 AEdmundi,
1208 1263 1305 1349 politi
1330 1262 1555 1349 suntlapides

356 1370 538 1448 marmorei,
562 1380 595 1434 et
619 1381 731 1455 parata
760 1379 837 1434 sunt
852 1369 961 1433 omnia
986 1369 1027 1432 ad
1053 1366 1272 1432 elevationem
1294 1365 1418 1431 feretri.
1462 1364 1553 1431 Cele-

356 1472 449 1537 brato
466 1473 561 1558 igitur
576 1473 626 1537 die
642 1474 727 1552 festi,
743 1482 834 1537 sexta
855 1472 944 1550 feria,
966 1467 1123 1557 sequente
1138 1469 1190 1533 die
1206 1468 1380 1548 dominica,
1395 1468 1553 1534 indictum

356 1586 409 1641 est
429 1577 616 1641 triduanum
637 1577 797 1661 jejunium
812 1575 953 1659 populo;
976 1587 1010 1639 et
1023 1584 1156 1639 ostensa
1175 1583 1227 1637 est
1248 1573 1296 1637 eis
1311 1572 1445 1658 publice
1457 1593 1554 1637 causa

352 1681 478 1764 jejunii.
522 1680 634 1744 Abbas
658 1689 767 1743 autem
782 1675 922 1763 predixit
935 1676 1123 1756 conventui,
1146 1686 1184 1739 ut
1210 1699 1246 1741 se
1269 1685 1482 1762 prepararent
1511 1677 1553 1741 ad

356 1782 617 1847 transferendum
637 1783 791 1845 feretrum
816 1789 849 1844 et
874 1780 1121 1845 consistendum
1147 1798 1246 1863 super
1264 1800 1421 1864 magnum
1444 1779 1553 1860 altare,

355 1885 459 1950 donec
474 1885 623 1949 machina
638 1882 832 1949 cementaria
846 1882 1072 1966 perficeretur3
1087 1892 1122 1947 et
1135 1891 1268 1967 tempus
1282 1892 1318 1946 et
1330 1882 1465 1947 modum
1479 1904 1554 1969 pre-

354 1987 426 2050 fixit
449 1987 491 2049 ad
519 1987 583 2051 tale
605 2007 698 2070 opus.
755 1985 840 2050 Cum
866 2007 942 2070 ergo
965 1987 1171 2051 venissemus
1188 1984 1244 2048 illa
1265 1994 1364 2050 nocte
1387 1985 1430 2050 ad
1453 1987 1551 2052 boras

354 2088 543 2166 matutinas,
566 2088 658 2152 stetit
681 2109 834 2172 magnum
860 2084 1015 2152 feretrum
1035 2109 1133 2174 super
1161 2087 1272 2167 altare,
1291 2108 1428 2152 vacuum
1449 2088 1550 2171 intus,

355 2188 505 2253 ornatum
514 2188 609 2254 coriis
621 2187 702 2252 albis
714 2188 864 2267 cervinis,
873 2212 1001 2253 sursum
1013 2199 1048 2254 et
1056 2189 1207 2254 deorsum
1219 2200 1254 2254 et
1261 2189 1477 2271 circumcirca,
1486 2213 1551 2277 que

354 2290 566 2377 affigebantur
580 2291 667 2377 bgno
682 2292 781 2356 clavis
795 2292 966 2377 argenteis,
981 2302 1015 2355 et
1028 2292 1175 2377 panellos
1189 2315 1276 2356 unus
1292 2293 1386 2357 stetit
1398 2293 1550 2360 deorsum

349 2394 633 2478 juxtacolumnam
644 2394 788 2471 ecclesie,
796 2404 830 2457 et
840 2403 987 2458 sanctum
998 2395 1228 2479 corpusadhuc
1233 2395 1374 2480 jacebat,
1382 2394 1441 2461 ubi
1445 2397 1550 2482 jacere

230 2509 308 2557 .t.
354 2496 489 2561 solebat.
549 2496 747 2561 Percantatis
765 2495 926 2576 laudibus,
946 2517 1060 2560 omnes
1084 2497 1276 2561 accessimus
1299 2497 1341 2562 ad
1364 2498 1550 2584 disciplinas

354 2599 585 2685 suscipiendas.
630 2598 706 2664 Quo
721 2600 818 2676 lacto,
833 2598 943 2663 vestiti
964 2598 1090 2662 suntin
1112 2598 1194 2664 albis
1218 2599 1371 2665 dominus
1391 2600 1493 2666 abbas
1516 2613 1550 2668 et

353 2703 484 2787 quidam
499 2725 573 2767 curn
597 2724 648 2780 eo,
674 2713 707 2766 et
730 2701 919 2766 accedentes
942 2712 1137 2781 reverenter,
1159 2702 1244 2766 sicut
1257 2702 1405 2783 decebat,
1419 2704 1550 2769 scofina·

352 2805 433 2872 bant
447 2807 594 2892 detegere
609 2805 762 2870 loculum.
807 2804 889 2868 Erat
912 2814 1021 2868 autem
1043 2826 1171 2889 pannus
1185 2804 1291 2869 lineus
1316 2806 1471 2886 exterius,
1493 2808 1548 2893 qui

351 2911 493 2976 loculum
509 2920 543 2975 et
558 2909 667 2974 omnia
677 2919 784 2973 cetera
798 2907 993 2988 includebat,
1008 2907 1063 2992 qui
1075 2906 1270 2992 quibusdam
1284 2907 1471 2994 ligamentis
1481 2911 1548 2977 suis

352 3014 491 3099 desuper
504 3014 621 3098 ligatus
643 3013 795 3077 iuventus
810 3011 890 3092 fuit3
914 3021 1029 3097 postea
1052 3009 1183 3094 quidam
1206 3031 1335 3095 pannus
1360 3012 1497 3094 senous,
1515 3023 1549 3079 et

351 3126 465 3199 postea
480 3117 560 3178 alter
573 3115 678 3178 lineus
693 3134 832 3199 pannus,
848 3122 882 3177 et
895 3123 1009 3198 postea
1024 3112 1151 3192 tertius,
1165 3113 1258 3177 etita
1272 3113 1406 3179 taudem
1421 3115 1549 3183 discoo-

351 3223 464 3299 pertus
478 3223 530 3277 est
543 3214 668 3277 loculus
691 3226 781 3277 stans
797 3236 894 3298 super
917 3215 1059 3301 ligneum
1078 3216 1251 3296 alveolum,
1265 3238 1308 3282 ne
1327 3217 1400 3304 ipse
1420 3221 1545 3287 loculus

351 3315 458 3401 possit
466 3314 536 3380 ledi
547 3312 681 3400 alapide
697 3336 884 3379 marmoreo.
914 3317 937 3380 J
938 3317 1025 3382 acuit
1039 3339 1137 3403 super
1146 3328 1260 3403 pectus
1275 3321 1416 3386 martiris
1429 3323 1543 3389 affixus

352 3418 458 3483 loculo
488 3418 629 3482 exterius
644 3412 788 3503 'angelus
814 3440 930 3482 aureus
955 3420 996 3483 ad
1022 3421 1259 3506 longitudinem
1282 3422 1377 3508 pedis
1399 3425 1543 3508 humaui,

351 3521 475 3587 habens
500 3542 612 3586 ensem
638 3522 827 3609 aureamin
852 3545 917 3586 una
936 3545 1045 3603 manu,
1069 3534 1104 3588 et
1128 3525 1282 3590 vexillum
1307 3527 1344 3591 in
1368 3527 1484 3612 altera3
1510 3541 1545 3597 et

352 3625 467 3692 subtus
491 3634 560 3691 erat
582 3626 727 3690 foramen
752 3625 786 3689 in
811 3627 974 3711 operculo,
998 3627 1054 3691 ubi
1077 3627 1201 3713 antiqui
1230 3630 1383 3696 custodes
1405 3632 1546 3699 martiris

350 3730 498 3796 solebant
522 3751 637 3793 manus
664 3728 831 3813 imponere
854 3729 895 3793 ad
920 3730 1120 3814 tangendum
1145 3740 1294 3796 sanctum
1316 3754 1448 3820 corpus.
1498 3735 1544 3800 Et

349 3844 418 3898 erat
430 3855 543 3899 versus
561 3831 799 3918 superscriptus
815 3831 966 3918 imagini:

587 3954 714 4013 Martiria
728 3972 795 4013 cccc
810 3973 890 4013 zoma
904 3963 996 4013 servat
1012 3951 1162 4011 Michaelis
1175 3951 1292 4029 agalma.

659 4065 669 4103 ¹
690 4065 776 4114 laeli.
790 4068 814 4115 9.
1017 4074 1029 4113 ²
1048 4063 1199 4114 lstimir.
1214 4068 1237 4114 l.
