3556 4898
325 578 345 634 4
568 582 730 631 cuosrcs
752 578 923 624 Jocrurxr
947 577 995 620 us
1017 573 1281 619 autemnon.

192 742 220 792 ¹²·
234 742 286 791 122
330 739 468 805 abbatis.
514 737 588 801 Hec
603 745 654 800 est
667 736 748 798 hora
762 731 969 797 tenebrarum
982 735 988 760 ¹
1000 753 1011 806 ;
1031 728 1092 791 hec
1106 734 1157 789 est
1170 725 1250 787 hora
1264 746 1328 807 qua
1340 724 1529 789 adulatores

331 842 541 908 dominantur
564 848 599 901 et
621 837 668 901 eis
691 836 853 900 creditur:
875 833 1056 896 confortata
1080 839 1131 892 est
1155 827 1302 910 potentia
1326 848 1450 903 corum,
1464 846 1533 889 uec

330 964 507 1032 possumus
522 941 563 1005 ad
579 944 673 1004 eam?
715 935 960 1003 Dissimulauda
981 944 1059 996 suut
1079 932 1143 994 ista
1156 952 1217 1015 pro
1231 940 1395 1013 tempore:
1416 929 1534 992 m'deat

331 1045 495 1112 Dominus
511 1053 544 1108 et
555 1040 733 1127 judicet.''³

375 1148 475 1213 Venit
488 1166 600 1210 rumor
614 1145 655 1207 ad
670 1141 819 1206 abbatem
835 1139 894 1204 H.⁴
909 1139 996 1224 quod
1011 1139 1065 1200 R?
1081 1136 1340 1220 archiepiscopus
1355 1135 1532 1200 Cautuari·

333 1251 421 1318 ensis
435 1249 533 1313 vellet
546 1248 656 1312 venire
672 1246 713 1308 ad
730 1244 920 1309 scrutinium
931 1238 1114 1305 faciendum
1123 1238 1156 1299 in
1168 1239 1302 1301 ecclesia
1315 1250 1438 1317 nostra,
1453 1260 1535 1302 auc·

334 1354 465 1418 toritate
485 1350 600 1433 legatie
624 1369 681 1410 sue
693 1373 703 1425 ;
726 1357 769 1424 et,
784 1355 917 1429 accepto
939 1341 1086 1417 consilio,
1100 1341 1190 1403 misit
1215 1340 1314 1404 abbas
1335 1343 1475 1405 Romam
1497 1350 1535 1404 et

335 1452 521 1539 impetrarit
546 1449 789 1531 exempcionem
818 1470 837 1508 a
862 1454 1023 1529 potestate
1048 1442 1185 1527 predicti
1210 1445 1317 1528 legati.
1360 1444 1535 1508 Redeunte

335 1556 452 1621 nuntio
468 1555 508 1617 ad
523 1575 584 1616 nos
599 1553 639 1616 de
657 1552 771 1626 Roma,
787 1569 853 1611 uon
868 1558 936 1610 erat
946 1547 1033 1609 unde
1045 1545 1127 1608 solvi
1142 1556 1268 1629 poterat
1279 1547 1366 1631 quod
1375 1548 1443 1631 ipse
1455 1568 1537 1631 pro-

337 1659 470 1723 miserat
485 1656 617 1720 domiuo
638 1674 721 1736 pape
743 1662 777 1715 et
791 1647 1015 1727 cardinalibus,
1029 1648 1104 1726 uisi,
1123 1670 1164 1711 ex
1178 1650 1438 1727 circumstantiis,
1453 1670 1536 1713 crux

338 1781 402 1845 que
431 1768 499 1821 erat
525 1777 621 1839 super
648 1775 800 1837 magnum
824 1751 933 1829 altare,
959 1761 993 1814 et
1018 1751 1167 1828 Mariola,
1188 1760 1222 1814 et
1250 1751 1429 1829 Johanues,
1453 1774 1537 1836 quas

338 1859 495 1944 imagines
520 1857 695 1942 Stigandus
720 1855 979 1937 archiepiscopus
993 1875 1110 1936 magno
1122 1853 1265 1935 pondere
1279 1854 1348 1917 auri
1362 1864 1396 1918 et
1410 1855 1538 1939 argenti

339 1969 519 2038 ornaverat,
545 1970 579 2024 et
594 1969 706 2023 sancto
722 1956 912 2020 AEdmundo
928 1955 1069 2018 dederat.
1114 1955 1277 2018 Dixemut
1291 1958 1389 2020 etiam
1404 1958 1538 2041 quidam

340 2085 382 2128 ex
397 2062 517 2124 nostris
530 2062 585 2146 qui
596 2060 746 2122 abbatem
757 2058 944 2119 familiarius
954 2056 1140 2139 diligebant,
1155 2057 1243 2140 quod
1257 2058 1366 2141 ipsum
1380 2061 1539 2124 feretrum

342 2163 447 2227 sancti
462 2160 642 2223 AEdmundi
657 2158 790 2221 deberet
812 2158 988 2221 excrustari
1002 2169 1135 2242 propter
1149 2158 1246 2221 talem
1261 2158 1453 2237 libertatem,
1468 2185 1540 2226 uon

343 2265 549 2328 advertentes
560 2282 712 2344 magnum
725 2261 902 2344 periculum
914 2282 1011 2344 posse
1021 2260 1108 2322 nasci
1123 2260 1163 2323 de
1178 2260 1235 2322 tali
1248 2259 1415 2340 libertate3
1439 2262 1541 2345 quod,

345 2364 373 2427 si
387 2365 471 2427 forte
486 2363 583 2425 fuerit
598 2361 712 2446 aliquis
728 2359 827 2424 abbas
853 2373 965 2425 noster
987 2363 1043 2446 qui
1058 2384 1108 2425 res
1123 2362 1256 2425 ecclesie
1271 2363 1410 2426 voluerit
1424 2364 1542 2448 dilapi-

345 2466 422 2529 dare
437 2473 470 2527 et
484 2473 680 2527 conventum
696 2484 790 2525 suum
806 2464 889 2526 male
911 2474 1057 2541 tractare,
1078 2485 1145 2526 non
1161 2464 1221 2527 erit
1235 2486 1373 2548 persona
1394 2467 1446 2529 cui
1461 2488 1542 2531 con-

345 2574 463 2631 ventus
479 2564 583 2647 possit
597 2563 749 2647 conqueri
763 2563 804 2627 de
818 2565 944 2649 injuriis
965 2564 1100 2642 abbatis,
1116 2566 1171 2648 qui
1190 2588 1250 2629 uec
1264 2566 1464 2651 episcopum,
1479 2591 1543 2633 nec

346 2667 634 2750 archiepiscopum,
650 2686 709 2729 nec
723 2665 863 2748 legatum
879 2665 1016 2745 timebit,
1032 2677 1065 2730 et
1078 2667 1256 2751 impunitas
1265 2689 1380 2731 ausum
1391 2668 1544 2751 prebebit

346 2771 562 2857 delinquendi.

392 2875 432 2938 Iu
457 2874 572 2938 diebus
608 2872 670 2936 illis
704 2872 884 2948 celerarius,
914 2872 998 2936 sicut
1020 2872 1118 2936 ceteri
1141 2871 1303 2950 officiales,
1333 2874 1546 2955 appruntavit

348 2977 494 3043 denarios
520 2998 540 3039 a
568 2975 707 3040 Jurneto
730 2975 841 3059 judeo,
876 2974 1061 3039 inconsulto
1091 2984 1263 3053 conventu,
1295 2996 1392 3059 super
1420 2986 1544 3038 cartam

348 3081 530 3164 supradicto
547 3080 649 3163 sigillo
665 3079 833 3163 signatam.
880 3079 965 3142 Cum
980 3088 1088 3143 autem
1107 3074 1264 3141 excrevit⁶
1278 3078 1425 3141 debitum
1439 3100 1546 3162 usque

348 3181 388 3244 ad
405 3181 568 3263 sexaginta
582 3181 690 3258 libras,
707 3181 923 3244 summonitus
947 3192 998 3245 est
1012 3190 1192 3245 conventus
1208 3179 1248 3241 ad
1272 3177 1463 3242 solvendum
1486 3178 1546 3243 de-

347 3282 454 3343 bitum
470 3277 620 3343 celerarii.
665 3280 844 3362 Depositus
855 3291 907 3343 est
917 3281 1104 3360 celerarius;
1126 3282 1203 3345 licet
1213 3281 1362 3365 allegaret
1370 3301 1546 3365 gravamen

351 3401 457 3459 suum,
486 3380 596 3445 dicens
623 3380 711 3464 quod
736 3391 922 3465 susceperat
945 3382 1048 3447 tribus
1072 3384 1164 3447 annis
1190 3384 1335 3467 hospites
1365 3404 1479 3446 omnes
1509 3382 1548 3446 in

352 3481 449 3545 domo
464 3482 631 3566 hospitum
657 3482 697 3545 ad
723 3491 912 3566 preceptum
936 3483 1071 3562 abbatis,
1096 3487 1163 3551 sive
1186 3486 1285 3549 abbas
1300 3486 1397 3550 fuerit
1410 3507 1548 3570 presens

353 3581 420 3648 sive
435 3581 562 3662 absens,
577 3604 659 3668 quos
668 3581 784 3648 debeat
799 3584 961 3669 suscipere
972 3585 1071 3650 abbas
1087 3587 1549 3653 secundumconsuetudinem

353 3683 490 3748 abbatie.
536 3684 740 3750 substitutus
765 3696 816 3750 est
841 3686 992 3771 magister
1016 3688 1196 3768 Dionisius,
1223 3689 1277 3774 qui
1301 3712 1360 3774 per
1373 3688 1550 3774 providen-

353 3788 435 3852 ciam
451 3810 542 3853 suam
558 3798 592 3853 et
606 3789 762 3852 cautelam
778 3787 951 3853 minoravit
973 3789 1118 3853 debitum
1137 3791 1181 3855 lx.
1203 3791 1357 3854 librarum
1380 3811 1483 3874 usque
1506 3790 1549 3852 ad

354 3910 429 3952 xxx.
444 3889 563 3969 libras3
586 3889 626 3957 de
641 3911 706 3975 quo
721 3891 831 3956 debito
845 3889 1043 3955 reddidimus
1062 3896 1154 3955 xxxta
1179 3914 1312 3971 marcas,
1336 3915 1415 3978 quas
1442 3893 1551 3956 Bene-

354 3991 460 4054 dictus
486 3992 526 4055 de
546 3991 723 4058 Blakehem
753 3992 844 4059 dedit
868 3994 1042 4057 couventui
1070 4015 1130 4079 pro
1159 3992 1311 4058 maneriis
1337 3994 1490 4057 Neutone
1514 4002 1551 4057 ct

386 4091 394 4120 ¹
414 4090 473 4139 Luc.
486 4106 526 4141 rx.
539 4093 580 4141 5³.
759 4093 770 4126 l
786 4094 876 4144 Psslm.
888 4095 1000 4146 cxxxviii.
1013 4095 1037 4145 6.
1050 4096 1124 4160 Vulg.
1136 4096 1193 4147 Lat.
1347 4098 1358 4131 ³
1375 4096 1456 4144 Exod.
1468 4112 1492 4145 v.
1506 4098 1550 4146 21.

386 4173 398 4210 ⁴
416 4168 555 4233 llugoueu.
750 4172 763 4211 ὅ
780 4173 907 4224 Ricsrdus.
1100 4171 1294 4226 flllxcresissct.
