3556 4898
375 472 416 532 54
591 487 754 534 cronica
776 489 947 535 Jocatrnr
972 491 1020 536 ua
1044 490 1313 539 serratoriae.

375 638 503 703 dedisse
518 639 669 723 quotiens
683 640 787 704 voluit
802 651 836 705 et
850 642 968 727 quibus
989 642 1104 720 voluit,
1120 644 1218 708 salvis
1239 646 1275 709 xl
1288 645 1383 712 libris
1399 647 1498 713 altari
1511 650 1582 716 red·

374 740 511 819 dendis3
534 750 568 805 et
582 740 655 805 ideo
671 764 737 805 non
753 764 825 806 esse
840 744 1023 807 mirandum
1044 745 1072 808 si
1090 745 1199 810 bailivi
1214 747 1299 832 regis
1319 749 1384 815 hoe
1399 750 1513 835 ipsum
1528 774 1581 817 ex·

373 842 499 926 igerent
527 864 567 906 ex
591 853 683 927 parte
711 844 806 929 regis,
835 854 870 908 et
898 846 1011 910 acerbe
1041 846 1188 931 loquens,
1222 870 1284 912 uos
1315 874 1437 916 omnes
1467 876 1580 919 mona·

374 944 453 1008 chus
476 945 594 1009 stultos
609 943 801 1025 nominavit,
815 968 856 1010 ex
871 946 934 1010 hoc
956 947 1044 1032 quod
1068 948 1156 1033 passi
1182 970 1296 1015 sumus
1319 949 1479 1016 abbatem
1504 975 1579 1019 nos-

373 1056 460 1112 trum
475 1047 552 1112 talia
566 1049 696 1127 fecisse3
711 1071 778 1114 non
792 1051 965 1114 advertens
978 1051 1065 1135 quod
1077 1052 1311 1117 monachorum
1323 1075 1458 1119 summa
1467 1055 1577 1141 religio

372 1159 478 1220 tacere
492 1159 554 1230 est,
574 1158 608 1213 et
622 1170 774 1215 excessus
790 1174 923 1217 suorum
938 1153 1135 1238 prelatorum
1147 1154 1265 1219 clausis
1280 1156 1385 1221 oculis
1400 1158 1559 1241 preterire
1567 1183 1577 1237 3

372 1282 433 1327 nec
447 1261 619 1326 attendens
634 1262 721 1345 quod
735 1260 900 1327 baratores
921 1261 1074 1327 dicuntur
1093 1263 1171 1327 siin
1186 1264 1305 1350 aliquo,
1321 1258 1392 1322 sire
1402 1258 1497 1342 juste
1508 1259 1575 1325 sive

370 1363 502 1447 injuste,
513 1361 775 1442 contradicimus,
786 1372 820 1427 et
830 1362 1023 1448 quaudoque
1033 1364 1080 1428 rei
1090 1363 1157 1428 lese
1167 1360 1359 1450 majestatis,
1370 1358 1426 1422 vel
1440 1360 1575 1425 carceris

370 1467 421 1532 vel
431 1467 518 1532 exilii
533 1488 617 1552 pena
628 1465 862 1550 dampnamur3
885 1465 973 1529 unde
988 1475 1022 1529 et
1036 1464 1145 1528 sanius
1160 1463 1333 1529 consilium
1347 1460 1434 1525 mihi
1448 1471 1485 1525 et
1498 1483 1574 1526 con-

369 1568 528 1633 similibus
544 1567 625 1633 meis
639 1567 778 1646 videtur,
787 1577 825 1630 ut
839 1568 1052 1645 confessores,
1067 1589 1164 1651 quam
1174 1575 1213 1629 ut
1227 1564 1405 1630 moriamur
1413 1563 1574 1629 martires.

371 1671 539 1735 Redeunte
554 1670 595 1734 ad
610 1692 672 1733 nos
691 1670 808 1734 nuntio
831 1680 955 1749 nostro,
970 1679 1003 1733 et
1017 1676 1167 1732 narrante
1191 1687 1254 1751 que
1269 1664 1420 1729 audierat
1433 1673 1471 1727 et
1484 1663 1573 1728 vide-

369 1784 429 1854 rat,
445 1774 537 1860 quasi
551 1773 645 1839 inviti
661 1782 694 1837 et
708 1772 812 1838 coacti
826 1772 979 1837 inivimus
999 1770 1182 1849 consilium,
1196 1778 1244 1847 ut,
1269 1767 1439 1832 communi
1454 1768 1572 1833 volun-

368 1885 436 1940 tate
451 1887 484 1940 et
498 1887 679 1940 conventus
695 1885 729 1938 et
743 1874 916 1938 custodum
931 1872 1070 1951 abbatie,
1086 1871 1326 1956 deponerentur
1345 1878 1476 1935 veteres
1499 1894 1572 1957 pre-

367 1976 444 2040 fecti
472 1977 559 2054 ville,
582 1976 762 2039 reluctante
792 1974 948 2039 Samsone
979 1972 1175 2038 subsacrista
1203 1970 1387 2050 nobiscum,
1410 1981 1570 2055 quantum

366 2079 544 2162 potuimus.
582 2078 720 2141 Samson
731 2086 840 2140 autem
852 2077 952 2141 abbas
961 2079 1077 2156 lactus,
1088 2099 1156 2141 non
1170 2076 1343 2139 immemor
1355 2072 1477 2158 injurie
1492 2096 1569 2140 con-

366 2181 479 2243 ventui
490 2179 589 2259 illate,
600 2179 635 2243 in
653 2178 794 2243 crastino
811 2179 933 2244 Pascha
949 2180 1097 2264 proxime
1106 2188 1182 2265 pust
1191 2178 1382 2243 electionem
1392 2178 1569 2243 suamiecit

367 2284 533 2350 conveniri
557 2285 592 2349 in
612 2283 753 2369 capitulo
776 2293 890 2349 nostro
914 2283 1034 2348 milites
1060 2293 1094 2348 et
1117 2282 1249 2346 clericos
1271 2289 1305 2343 et
1319 2278 1566 2345 multitudinem

366 2385 586 2469 burgensium,
613 2395 776 2450 eteorum
799 2386 951 2450 omuibus
974 2385 1058 2449 dixit
1082 2384 1180 2448 istam
1200 2383 1310 2448 villam
1335 2383 1500 2467 pertinere
1524 2383 1566 2448 ad

365 2498 563 2553 conventum
593 2498 628 2553 et
661 2488 702 2552 ad
729 2488 840 2568 altare,
869 2490 1061 2554 nominatim
1098 2488 1140 2553 ad
1173 2486 1369 2552 invenienda
1394 2486 1567 2553 luminaria

366 2591 520 2671 ecclesie3
543 2600 577 2655 et
591 2614 626 2656 se
639 2591 722 2655 velle
737 2612 892 2655 renovare
912 2591 1077 2675 antiquam
1102 2589 1382 2667 consuetudinem,
1396 2599 1436 2652 ut
1453 2611 1564 2656 coram

364 2705 527 2760 conventu
542 2705 576 2759 et
590 2717 665 2760 cum
687 2693 852 2759 communi
876 2715 1012 2758 assensu
1026 2702 1217 2757 tractaretur
1233 2693 1274 2756 de
1289 2692 1473 2777 prefectum
1486 2693 1562 2760 ville

363 2806 397 2860 et
425 2796 647 2862 consimilibus
676 2819 738 2881 que
762 2796 802 2859 ad
835 2805 1033 2860 conventum
1056 2794 1273 2881 pertinebant.
1327 2794 1373 2857 Et
1401 2795 1563 2861 nominati

362 2894 440 2965 sun't
468 2900 581 2966 eadem
610 2901 690 2965 bora
719 2899 783 2964 duo
809 2897 997 2983 burgenses,
1023 2896 1222 2961 Godeiridus
1243 2905 1278 2960 et
1306 2895 1498 2978 Nicholaus,
1522 2908 1561 2964 ut

362 3014 472 3069 essent
502 3004 647 3087 prefecti,
678 3002 852 3086 habitaque
887 2999 1107 3084 disputatione
1141 2998 1182 3063 de
1211 2998 1305 3083 cujus
1329 3020 1428 3062 manu
1457 3022 1560 3066 cornu

361 3106 553 3188 acciperent,
582 3103 670 3187 quod
693 3103 810 3165 dicitur
832 3102 1001 3180 mot-born,
1030 3102 1163 3166 tandem
1188 3100 1269 3165 illud
1296 3111 1489 3187 receperunt
1518 3103 1559 3168 de

362 3226 461 3268 manu
475 3203 602 3287 prioris,
624 3202 680 3285 qui
705 3213 781 3284 post
805 3200 955 3265 abbatem
981 3212 1080 3287 caput
1104 3213 1156 3268 est
1180 3204 1221 3270 de
1246 3204 1343 3269 rebus
1365 3215 1558 3271 conventus.

363 3305 415 3370 Illi
423 3316 531 3369 autem
541 3302 899 3387 duoprefectibailivam
909 3325 1000 3368 suam
1009 3306 1141 3391 pacifice
1151 3307 1375 3371 custodierunt
1382 3307 1557 3392 perplures

360 3428 475 3487 annos,
501 3427 668 3491 quousque
683 3404 865 3470 dicerentur
879 3406 1004 3470 remissi
1024 3409 1058 3471 in
1070 3410 1198 3494 justitia
1219 3410 1302 3495 regis
1322 3410 1556 3475 custodienda:

360 3511 502 3576 dictante
517 3520 625 3574 autem
639 3509 713 3595 ipso
727 3507 854 3588 abbate,
868 3519 907 3574 ut
921 3511 1024 3595 major
1046 3512 1200 3577 securitas
1224 3513 1354 3577 daretur
1378 3515 1556 3578 conventui

328 3616 330 3620 '
359 3637 456 3702 super
477 3615 538 3679 hac
552 3636 598 3693 re,
618 3613 752 3678 remotis
766 3612 841 3691 illis,
863 3613 985 3698 recepit
1006 3614 1104 3699 Hugo
1126 3615 1259 3681 sacrista
1272 3616 1382 3680 villam
1403 3616 1437 3679 in
1453 3638 1554 3682 manu

357 3739 425 3796 sua,
434 3740 539 3783 novos
549 3716 725 3782 servientes
734 3716 946 3794 constituens,
952 3715 1007 3800 qui
1020 3716 1050 3780 ei
1059 3717 1099 3781 de
1108 3718 1289 3802 proiectura
1296 3717 1535 3802 responderent
1542 3744 1553 3800 ς

355 3819 415 3883 sed
427 3840 581 3904 processu
596 3818 764 3905 temporis,
779 3817 889 3882 nescio
904 3817 1080 3902 quomodo,
1094 3829 1209 3903 postea
1230 3820 1308 3885 novi
1323 3820 1457 3906 prefecti
1472 3820 1552 3885 sub-

352 3921 458 3985 stituti
483 3931 560 3986 sunt
578 3922 653 3986 alibi
676 3942 773 4007 quam
797 3921 832 3983 in
854 3920 1006 4005 capitulo,
1030 3929 1064 3984 et
1087 3921 1157 3985 sine
1177 3932 1359 3987 conventu:
1382 3924 1470 3989 unde
1493 3927 1548 3991 vel
