<?xml version="1.0" encoding="UTF-8"?>
<!DOCTYPE html PUBLIC "-//W3C//DTD XHTML 1.0 Transitional//EN"
    "http://www.w3.org/TR/xhtml1/DTD/xhtml1-transitional.dtd">
<html xmlns="http://www.w3.org/1999/xhtml" xml:lang="en" lang="en">
 <head>
  <title>
</title>
<meta http-equiv="Content-Type" content="text/html;charset=utf-8" />
  <meta name='ocr-system' content='tesseract 3.04.00' />
  <meta name='ocr-capabilities' content='ocr_page ocr_carea ocr_par ocr_line ocrx_word'/>
</head>
<body>
  <div class='ocr_page' id='page_1' title='image "./chronicajocelin00jocegoog_0037.png"; bbox 0 0 3556 4898; ppageno 0'>
   <div class='ocr_carea' id='block_1_1' title="bbox 250 602 1219 666">
    <p class='ocr_par' dir='ltr' id='par_1_1' title="bbox 250 602 1219 666">
     <span class='ocr_line' id='line_1_1' title="bbox 250 602 1219 666; baseline -0.002 -4"><span class='ocrx_word' id='word_1_1' title='bbox 250 605 291 663; x_wconf 85' lang='lat'>18</span> <span class='ocrx_word' id='word_1_2' title='bbox 488 619 650 666; x_wconf 74' lang='lat' dir='ltr'>oaonrca</span> <span class='ocrx_word' id='word_1_3' title='bbox 672 619 842 666; x_wconf 81' lang='lat' dir='ltr'>Jooanrnr</span> <span class='ocrx_word' id='word_1_4' title='bbox 866 620 913 664; x_wconf 85' lang='lat' dir='ltr'>mr</span> <span class='ocrx_word' id='word_1_5' title='bbox 937 602 1219 664; x_wconf 56' lang='lat' dir='ltr'>sacratorios?</span> 
     </span>
    </p>
   </div>
   <div class='ocr_carea' id='block_1_2' title="bbox 114 754 1516 3919">
    <p class='ocr_par' dir='ltr' id='par_1_2' title="bbox 114 754 1487 2282">
     <span class='ocr_line' id='line_1_2' title="bbox 253 754 1466 855; baseline -0.01 -20"><span class='ocrx_word' id='word_1_6' title='bbox 253 769 394 855; x_wconf 83' lang='lat' dir='ltr'>dignitas</span> <span class='ocrx_word' id='word_1_7' title='bbox 418 769 572 835; x_wconf 87' lang='lat' dir='ltr'>abbatum</span> <span class='ocrx_word' id='word_1_8' title='bbox 595 771 698 837; x_wconf 92' lang='lat' dir='ltr'>sancti</span> <span class='ocrx_word' id='word_1_9' title='bbox 719 771 924 837; x_wconf 78' lang='lat' dir='ltr'>Eadmundis</span> <span class='ocrx_word' id='word_1_10' title='bbox 948 770 1005 835; x_wconf 92' lang='lat' dir='ltr'>diu</span> <span class='ocrx_word' id='word_1_11' title='bbox 1025 778 1076 834; x_wconf 88' lang='lat' dir='ltr'>est</span> <span class='ocrx_word' id='word_1_12' title='bbox 1098 789 1139 832; x_wconf 89' lang='lat' dir='ltr'>ex</span> <span class='ocrx_word' id='word_1_13' title='bbox 1163 786 1228 852; x_wconf 92' lang='lat' dir='ltr'>quo</span> <span class='ocrx_word' id='word_1_14' title='bbox 1253 759 1339 828; x_wconf 83' lang='lat' dir='ltr'>scivi</span> <span class='ocrx_word' id='word_1_15' title='bbox 1359 754 1466 824; x_wconf 88' lang='lat' dir='ltr'>hoc.&#39;&#39;</span> 
     </span>
     <span class='ocr_line' id='line_1_3' title="bbox 254 866 1471 958; baseline -0.007 -22"><span class='ocrx_word' id='word_1_16' title='bbox 254 871 368 937; x_wconf 87' lang='lat' dir='ltr'>Abbas</span> <span class='ocrx_word' id='word_1_17' title='bbox 393 872 500 958; x_wconf 87' lang='lat' dir='ltr'>itaque</span> <span class='ocrx_word' id='word_1_18' title='bbox 526 882 592 938; x_wconf 91' lang='lat' dir='ltr'>tres</span> <span class='ocrx_word' id='word_1_19' title='bbox 617 874 793 939; x_wconf 90' lang='lat' dir='ltr'>monachos</span> <span class='ocrx_word' id='word_1_20' title='bbox 820 896 930 939; x_wconf 90' lang='lat' dir='ltr'>secum</span> <span class='ocrx_word' id='word_1_21' title='bbox 955 872 1110 948; x_wconf 86' lang='lat' dir='ltr'>retinens,</span> <span class='ocrx_word' id='word_1_22' title='bbox 1134 868 1214 933; x_wconf 87' lang='lat' dir='ltr'>alios</span> <span class='ocrx_word' id='word_1_23' title='bbox 1231 866 1373 931; x_wconf 90' lang='lat' dir='ltr'>domum</span> <span class='ocrx_word' id='word_1_24' title='bbox 1389 880 1471 946; x_wconf 80' lang='lat' dir='ltr'>pre-</span> 
     </span>
     <span class='ocr_line' id='line_1_4' title="bbox 256 962 1469 1054; baseline -0.001 -16"><span class='ocrx_word' id='word_1_25' title='bbox 256 974 358 1054; x_wconf 88' lang='lat' dir='ltr'>misit,</span> <span class='ocrx_word' id='word_1_26' title='bbox 372 976 529 1039; x_wconf 81' lang='lat' dir='ltr'>nuncians</span> <span class='ocrx_word' id='word_1_27' title='bbox 545 977 720 1042; x_wconf 87' lang='lat' dir='ltr'>adventum</span> <span class='ocrx_word' id='word_1_28' title='bbox 736 999 831 1040; x_wconf 86' lang='lat' dir='ltr'>suurn</span> <span class='ocrx_word' id='word_1_29' title='bbox 846 974 1018 1040; x_wconf 90' lang='lat' dir='ltr'>Dominica</span> <span class='ocrx_word' id='word_1_30' title='bbox 1040 973 1234 1049; x_wconf 86' lang='lat' dir='ltr'>Palmarum,</span> <span class='ocrx_word' id='word_1_31' title='bbox 1259 962 1469 1052; x_wconf 67' lang='lat' dir='ltr'>quibusdam</span> 
     </span>
     <span class='ocr_line' id='line_1_5' title="bbox 259 1067 1472 1165; baseline -0.007 -22"><span class='ocrx_word' id='word_1_32' title='bbox 259 1078 490 1143; x_wconf 87' lang='lat' dir='ltr'>commendans</span> <span class='ocrx_word' id='word_1_33' title='bbox 505 1101 615 1144; x_wconf 88' lang='lat' dir='ltr'>curam</span> <span class='ocrx_word' id='word_1_34' title='bbox 630 1081 670 1145; x_wconf 90' lang='lat' dir='ltr'>ad</span> <span class='ocrx_word' id='word_1_35' title='bbox 685 1079 884 1165; x_wconf 87' lang='lat' dir='ltr'>providenda</span> <span class='ocrx_word' id='word_1_36' title='bbox 898 1074 1078 1141; x_wconf 88' lang='lat' dir='ltr'>necessaria</span> <span class='ocrx_word' id='word_1_37' title='bbox 1091 1075 1126 1138; x_wconf 92' lang='lat' dir='ltr'>in</span> <span class='ocrx_word' id='word_1_38' title='bbox 1137 1074 1190 1138; x_wconf 87' lang='lat' dir='ltr'>die</span> <span class='ocrx_word' id='word_1_39' title='bbox 1204 1071 1283 1137; x_wconf 87' lang='lat' dir='ltr'>festi</span> <span class='ocrx_word' id='word_1_40' title='bbox 1298 1069 1365 1134; x_wconf 88' lang='lat' dir='ltr'>sui.</span> <span class='ocrx_word' id='word_1_41' title='bbox 1401 1067 1472 1130; x_wconf 76' lang='lat' dir='ltr'>Re-</span> 
     </span>
     <span class='ocr_line' id='line_1_6' title="bbox 261 1169 1474 1267; baseline -0.01 -23"><span class='ocrx_word' id='word_1_42' title='bbox 261 1179 376 1245; x_wconf 90' lang='lat' dir='ltr'>deunti</span> <span class='ocrx_word' id='word_1_43' title='bbox 399 1181 574 1246; x_wconf 90' lang='lat' dir='ltr'>multitudo</span> <span class='ocrx_word' id='word_1_44' title='bbox 600 1204 758 1249; x_wconf 73' lang='lat' dir='ltr'>novenam</span> <span class='ocrx_word' id='word_1_45' title='bbox 782 1189 953 1267; x_wconf 88' lang='lat' dir='ltr'>parentum</span> <span class='ocrx_word' id='word_1_46' title='bbox 977 1177 1127 1256; x_wconf 87' lang='lat' dir='ltr'>occurrit,</span> <span class='ocrx_word' id='word_1_47' title='bbox 1149 1173 1337 1239; x_wconf 88' lang='lat' dir='ltr'>volentium</span> <span class='ocrx_word' id='word_1_48' title='bbox 1352 1169 1385 1235; x_wconf 88' lang='lat' dir='ltr'>ei</span> <span class='ocrx_word' id='word_1_49' title='bbox 1402 1187 1474 1232; x_wconf 89' lang='lat' dir='ltr'>ser-</span> 
     </span>
     <span class='ocr_line' id='line_1_7' title="bbox 262 1269 1472 1369; baseline -0.007 -21"><span class='ocrx_word' id='word_1_50' title='bbox 262 1283 353 1362; x_wconf 86' lang='lat' dir='ltr'>vire;</span> <span class='ocrx_word' id='word_1_51' title='bbox 390 1284 445 1367; x_wconf 92' lang='lat' dir='ltr'>qui</span> <span class='ocrx_word' id='word_1_52' title='bbox 471 1282 622 1348; x_wconf 88' lang='lat' dir='ltr'>omnibus</span> <span class='ocrx_word' id='word_1_53' title='bbox 647 1285 826 1369; x_wconf 82' lang='lat' dir='ltr'>respondit,</span> <span class='ocrx_word' id='word_1_54' title='bbox 853 1303 887 1346; x_wconf 92' lang='lat' dir='ltr'>se</span> <span class='ocrx_word' id='word_1_55' title='bbox 925 1301 997 1345; x_wconf 92' lang='lat' dir='ltr'>esse</span> <span class='ocrx_word' id='word_1_56' title='bbox 1023 1286 1216 1343; x_wconf 90' lang='lat' dir='ltr'>contentum</span> <span class='ocrx_word' id='word_1_57' title='bbox 1241 1269 1472 1340; x_wconf 66' lang='lat' dir='ltr'>servientibus</span> 
     </span>
     <span class='ocr_line' id='line_1_8' title="bbox 264 1377 1475 1474; baseline -0.013 -22"><span class='ocrx_word' id='word_1_58' title='bbox 264 1389 393 1473; x_wconf 91' lang='lat' dir='ltr'>prioris,</span> <span class='ocrx_word' id='word_1_59' title='bbox 408 1410 468 1452; x_wconf 92' lang='lat' dir='ltr'>nec</span> <span class='ocrx_word' id='word_1_60' title='bbox 482 1388 562 1453; x_wconf 90' lang='lat' dir='ltr'>alios</span> <span class='ocrx_word' id='word_1_61' title='bbox 587 1411 684 1474; x_wconf 92' lang='lat' dir='ltr'>posse</span> <span class='ocrx_word' id='word_1_62' title='bbox 703 1389 852 1465; x_wconf 88' lang='lat' dir='ltr'>retinere,</span> <span class='ocrx_word' id='word_1_63' title='bbox 868 1385 971 1449; x_wconf 90' lang='lat' dir='ltr'>donec</span> <span class='ocrx_word' id='word_1_64' title='bbox 989 1381 1066 1446; x_wconf 92' lang='lat' dir='ltr'>inde</span> <span class='ocrx_word' id='word_1_65' title='bbox 1080 1377 1302 1445; x_wconf 83' lang='lat' dir='ltr'>consuluisset</span> <span class='ocrx_word' id='word_1_66' title='bbox 1322 1392 1475 1440; x_wconf 83' lang='lat' dir='ltr'>conven-</span> 
     </span>
     <span class='ocr_line' id='line_1_9' title="bbox 265 1474 1475 1567; baseline -0.014 -11"><span class='ocrx_word' id='word_1_67' title='bbox 265 1501 339 1556; x_wconf 91' lang='lat' dir='ltr'>tum</span> <span class='ocrx_word' id='word_1_68' title='bbox 355 1514 461 1556; x_wconf 80' lang='lat' dir='ltr'>suum.</span> <span class='ocrx_word' id='word_1_69' title='bbox 504 1490 618 1556; x_wconf 88' lang='lat' dir='ltr'>Unum</span> <span class='ocrx_word' id='word_1_70' title='bbox 641 1501 751 1556; x_wconf 86' lang='lat' dir='ltr'>tamen</span> <span class='ocrx_word' id='word_1_71' title='bbox 774 1489 908 1554; x_wconf 85' lang='lat' dir='ltr'>militem</span> <span class='ocrx_word' id='word_1_72' title='bbox 930 1483 1065 1549; x_wconf 89' lang='lat' dir='ltr'>retinuit</span> <span class='ocrx_word' id='word_1_73' title='bbox 1088 1482 1298 1567; x_wconf 86' lang='lat' dir='ltr'>eloquentem</span> <span class='ocrx_word' id='word_1_74' title='bbox 1329 1487 1366 1542; x_wconf 91' lang='lat' dir='ltr'>et</span> <span class='ocrx_word' id='word_1_75' title='bbox 1385 1474 1475 1562; x_wconf 86' lang='lat' dir='ltr'>juris</span> 
     </span>
     <span class='ocr_line' id='line_1_10' title="bbox 267 1576 1478 1679; baseline -0.012 -22"><span class='ocrx_word' id='word_1_76' title='bbox 267 1594 420 1679; x_wconf 87' lang='lat' dir='ltr'>peritum,</span> <span class='ocrx_word' id='word_1_77' title='bbox 431 1615 498 1657; x_wconf 93' lang='lat' dir='ltr'>non</span> <span class='ocrx_word' id='word_1_78' title='bbox 512 1603 641 1658; x_wconf 91' lang='lat' dir='ltr'>tantum</span> <span class='ocrx_word' id='word_1_79' title='bbox 656 1592 912 1657; x_wconf 79' lang='lat' dir='ltr'>consideratione</span> <span class='ocrx_word' id='word_1_80' title='bbox 925 1585 1154 1673; x_wconf 74' lang='lat' dir='ltr'>proximitatis,</span> <span class='ocrx_word' id='word_1_81' title='bbox 1170 1582 1228 1647; x_wconf 90' lang='lat' dir='ltr'>sed</span> <span class='ocrx_word' id='word_1_82' title='bbox 1239 1581 1373 1646; x_wconf 90' lang='lat' dir='ltr'>ratione</span> <span class='ocrx_word' id='word_1_83' title='bbox 1382 1576 1478 1642; x_wconf 93' lang='lat' dir='ltr'>utili-</span> 
     </span>
     <span class='ocr_line' id='line_1_11' title="bbox 269 1679 1479 1780; baseline -0.013 -20"><span class='ocrx_word' id='word_1_84' title='bbox 269 1697 359 1775; x_wconf 81' lang='lat' dir='ltr'>tatis,</span> <span class='ocrx_word' id='word_1_85' title='bbox 374 1697 478 1760; x_wconf 89' lang='lat' dir='ltr'>causis</span> <span class='ocrx_word' id='word_1_86' title='bbox 493 1697 622 1780; x_wconf 90' lang='lat' dir='ltr'>quidem</span> <span class='ocrx_word' id='word_1_87' title='bbox 632 1693 828 1760; x_wconf 89' lang='lat' dir='ltr'>secularibus</span> <span class='ocrx_word' id='word_1_88' title='bbox 844 1700 1029 1768; x_wconf 82' lang='lat' dir='ltr'>assuetum3</span> <span class='ocrx_word' id='word_1_89' title='bbox 1051 1709 1148 1773; x_wconf 92' lang='lat' dir='ltr'>quem</span> <span class='ocrx_word' id='word_1_90' title='bbox 1164 1683 1313 1769; x_wconf 82' lang='lat' dir='ltr'>suscepit</span> <span class='ocrx_word' id='word_1_91' title='bbox 1326 1681 1365 1746; x_wconf 89' lang='lat' dir='ltr'>in</span> <span class='ocrx_word' id='word_1_92' title='bbox 1380 1679 1479 1746; x_wconf 85' lang='lat' dir='ltr'>novi·</span> 
     </span>
     <span class='ocr_line' id='line_1_12' title="bbox 270 1785 1481 1883; baseline -0.013 -22"><span class='ocrx_word' id='word_1_93' title='bbox 270 1807 339 1862; x_wconf 89' lang='lat' dir='ltr'>tate</span> <span class='ocrx_word' id='word_1_94' title='bbox 355 1820 413 1861; x_wconf 92' lang='lat' dir='ltr'>sua</span> <span class='ocrx_word' id='word_1_95' title='bbox 426 1798 518 1883; x_wconf 90' lang='lat' dir='ltr'>quasi</span> <span class='ocrx_word' id='word_1_96' title='bbox 532 1798 753 1882; x_wconf 87' lang='lat' dir='ltr'>coadjutorem</span> <span class='ocrx_word' id='word_1_97' title='bbox 776 1796 809 1860; x_wconf 91' lang='lat' dir='ltr'>in</span> <span class='ocrx_word' id='word_1_98' title='bbox 825 1793 998 1859; x_wconf 89' lang='lat' dir='ltr'>mundanis</span> <span class='ocrx_word' id='word_1_99' title='bbox 1014 1787 1258 1867; x_wconf 88' lang='lat' dir='ltr'>controversiis,</span> <span class='ocrx_word' id='word_1_100' title='bbox 1273 1785 1353 1871; x_wconf 88' lang='lat' dir='ltr'>quia</span> <span class='ocrx_word' id='word_1_101' title='bbox 1368 1802 1481 1847; x_wconf 84' lang='lat' dir='ltr'>novus</span> 
     </span>
     <span class='ocr_line' id='line_1_13' title="bbox 272 1883 1486 1980; baseline -0.012 -18"><span class='ocrx_word' id='word_1_102' title='bbox 272 1897 373 1963; x_wconf 90' lang='lat' dir='ltr'>abbas</span> <span class='ocrx_word' id='word_1_103' title='bbox 388 1906 467 1978; x_wconf 91' lang='lat' dir='ltr'>erat,</span> <span class='ocrx_word' id='word_1_104' title='bbox 487 1907 522 1963; x_wconf 89' lang='lat' dir='ltr'>st</span> <span class='ocrx_word' id='word_1_105' title='bbox 535 1898 625 1962; x_wconf 92' lang='lat' dir='ltr'>rudis</span> <span class='ocrx_word' id='word_1_106' title='bbox 641 1898 676 1962; x_wconf 95' lang='lat' dir='ltr'>in</span> <span class='ocrx_word' id='word_1_107' title='bbox 690 1895 821 1976; x_wconf 89' lang='lat' dir='ltr'>talibus,</span> <span class='ocrx_word' id='word_1_108' title='bbox 836 1896 920 1960; x_wconf 92' lang='lat' dir='ltr'>sicut</span> <span class='ocrx_word' id='word_1_109' title='bbox 934 1896 1073 1980; x_wconf 84' lang='lat' dir='ltr'>ipsemet</span> <span class='ocrx_word' id='word_1_110' title='bbox 1087 1897 1290 1977; x_wconf 76' lang='lat' dir='ltr'>protestatus</span> <span class='ocrx_word' id='word_1_111' title='bbox 1304 1895 1378 1951; x_wconf 84' lang='lat' dir='ltr'>eat:</span> <span class='ocrx_word' id='word_1_112' title='bbox 1402 1883 1486 1969; x_wconf 76' lang='lat' dir='ltr'>quia</span> 
     </span>
     <span class='ocr_line' id='line_1_14' title="bbox 272 1988 1487 2083; baseline -0.012 -20"><span class='ocrx_word' id='word_1_113' title='bbox 272 2021 440 2082; x_wconf 89' lang='lat' dir='ltr'>nunquam</span> <span class='ocrx_word' id='word_1_114' title='bbox 456 2008 531 2063; x_wconf 90' lang='lat' dir='ltr'>ante</span> <span class='ocrx_word' id='word_1_115' title='bbox 546 2008 730 2083; x_wconf 88' lang='lat' dir='ltr'>susceptam</span> <span class='ocrx_word' id='word_1_116' title='bbox 753 1999 913 2062; x_wconf 88' lang='lat' dir='ltr'>abbatiam</span> <span class='ocrx_word' id='word_1_117' title='bbox 927 1996 999 2060; x_wconf 92' lang='lat' dir='ltr'>loco</span> <span class='ocrx_word' id='word_1_118' title='bbox 1014 1993 1161 2059; x_wconf 81' lang='lat' dir='ltr'>interfuit</span> <span class='ocrx_word' id='word_1_119' title='bbox 1175 1991 1235 2056; x_wconf 93' lang='lat' dir='ltr'>ubi</span> <span class='ocrx_word' id='word_1_120' title='bbox 1257 1988 1372 2054; x_wconf 87' lang='lat' dir='ltr'>datum</span> <span class='ocrx_word' id='word_1_121' title='bbox 1388 1994 1487 2051; x_wconf 88' lang='lat' dir='ltr'>esset</span> 
     </span>
     <span class='ocr_line' id='line_1_15' title="bbox 274 2089 1486 2182; baseline -0.007 -22"><span class='ocrx_word' id='word_1_122' title='bbox 274 2099 408 2160; x_wconf 86' lang='lat' dir='ltr'>vadium</span> <span class='ocrx_word' id='word_1_123' title='bbox 430 2107 464 2160; x_wconf 93' lang='lat' dir='ltr'>et</span> <span class='ocrx_word' id='word_1_124' title='bbox 491 2099 643 2182; x_wconf 83' lang='lat' dir='ltr'>plegium.</span> <span class='ocrx_word' id='word_1_125' title='bbox 688 2098 773 2161; x_wconf 90' lang='lat' dir='ltr'>Cum</span> <span class='ocrx_word' id='word_1_126' title='bbox 799 2097 908 2162; x_wconf 89' lang='lat' dir='ltr'>debito</span> <span class='ocrx_word' id='word_1_127' title='bbox 932 2099 1055 2162; x_wconf 85' lang='lat' dir='ltr'>honore</span> <span class='ocrx_word' id='word_1_128' title='bbox 1080 2105 1113 2161; x_wconf 89' lang='lat' dir='ltr'>et</span> <span class='ocrx_word' id='word_1_129' title='bbox 1137 2093 1239 2160; x_wconf 89' lang='lat' dir='ltr'>etiam</span> <span class='ocrx_word' id='word_1_130' title='bbox 1264 2089 1486 2178; x_wconf 88' lang='lat' dir='ltr'>processione</span> 
     </span>
     <span class='ocr_line' id='line_1_16' title="bbox 114 2201 1185 2282; baseline 0.004 -24"><span class='ocrx_word' id='word_1_131' title='bbox 114 2236 157 2281; x_wconf 71' lang='lat'>„1</span> <span class='ocrx_word' id='word_1_132' title='bbox 171 2235 234 2282; x_wconf 45' lang='lat' dir='ltr'>M„</span> <span class='ocrx_word' id='word_1_133' title='bbox 280 2206 432 2280; x_wconf 88' lang='lat' dir='ltr'>receptus</span> <span class='ocrx_word' id='word_1_134' title='bbox 447 2208 497 2260; x_wconf 92' lang='lat' dir='ltr'>est</span> <span class='ocrx_word' id='word_1_135' title='bbox 511 2219 529 2259; x_wconf 90' lang='lat' dir='ltr'>a</span> <span class='ocrx_word' id='word_1_136' title='bbox 544 2208 706 2264; x_wconf 89' lang='lat' dir='ltr'>conventu</span> <span class='ocrx_word' id='word_1_137' title='bbox 721 2222 791 2278; x_wconf 92' lang='lat' dir='ltr'>suo,</span> <span class='ocrx_word' id='word_1_138' title='bbox 804 2201 975 2265; x_wconf 91' lang='lat' dir='ltr'>Dominica</span> <span class='ocrx_word' id='word_1_139' title='bbox 991 2202 1185 2265; x_wconf 80' lang='lat' dir='ltr'>palmarum.</span> 
     </span>
    </p>

    <p class='ocr_par' dir='ltr' id='par_1_3' title="bbox 278 2297 1503 3099">
     <span class='ocr_line' id='line_1_17' title="bbox 326 2297 1489 2385; baseline 0.002 -25"><span class='ocrx_word' id='word_1_140' title='bbox 326 2297 505 2380; x_wconf 89' lang='lat' dir='ltr'>Susceptus</span> <span class='ocrx_word' id='word_1_141' title='bbox 520 2307 570 2363; x_wconf 89' lang='lat' dir='ltr'>est</span> <span class='ocrx_word' id='word_1_142' title='bbox 583 2309 691 2364; x_wconf 86' lang='lat' dir='ltr'>autem</span> <span class='ocrx_word' id='word_1_143' title='bbox 707 2300 856 2365; x_wconf 91' lang='lat' dir='ltr'>dominus</span> <span class='ocrx_word' id='word_1_144' title='bbox 871 2301 969 2366; x_wconf 90' lang='lat' dir='ltr'>abbas</span> <span class='ocrx_word' id='word_1_145' title='bbox 984 2304 1046 2367; x_wconf 92' lang='lat' dir='ltr'>hoc</span> <span class='ocrx_word' id='word_1_146' title='bbox 1061 2302 1181 2367; x_wconf 85' lang='lat' dir='ltr'>modo:</span> <span class='ocrx_word' id='word_1_147' title='bbox 1204 2298 1357 2385; x_wconf 88' lang='lat' dir='ltr'>proxima</span> <span class='ocrx_word' id='word_1_148' title='bbox 1384 2304 1489 2362; x_wconf 87' lang='lat' dir='ltr'>nocte</span> 
     </span>
     <span class='ocr_line' id='line_1_18' title="bbox 278 2392 1491 2489; baseline 0.003 -30"><span class='ocrx_word' id='word_1_149' title='bbox 278 2397 426 2480; x_wconf 90' lang='lat' dir='ltr'>jacuerat</span> <span class='ocrx_word' id='word_1_150' title='bbox 439 2397 525 2481; x_wconf 90' lang='lat' dir='ltr'>apud</span> <span class='ocrx_word' id='word_1_151' title='bbox 540 2392 761 2481; x_wconf 82' lang='lat' dir='ltr'>Chentelord,¹</span> <span class='ocrx_word' id='word_1_152' title='bbox 776 2412 811 2466; x_wconf 89' lang='lat' dir='ltr'>et</span> <span class='ocrx_word' id='word_1_153' title='bbox 824 2414 954 2488; x_wconf 90' lang='lat' dir='ltr'>accepta</span> <span class='ocrx_word' id='word_1_154' title='bbox 972 2403 1128 2489; x_wconf 85' lang='lat' dir='ltr'>temporis</span> <span class='ocrx_word' id='word_1_155' title='bbox 1144 2399 1411 2488; x_wconf 84' lang='lat' dir='ltr'>opportunitate,</span> <span class='ocrx_word' id='word_1_156' title='bbox 1426 2396 1491 2462; x_wconf 83' lang='lat' dir='ltr'>ivi-</span> 
     </span>
     <span class='ocr_line' id='line_1_19' title="bbox 283 2498 1493 2590; baseline 0.008 -31"><span class='ocrx_word' id='word_1_157' title='bbox 283 2519 361 2560; x_wconf 88' lang='lat' dir='ltr'>mus</span> <span class='ocrx_word' id='word_1_158' title='bbox 381 2508 492 2562; x_wconf 90' lang='lat' dir='ltr'>contra</span> <span class='ocrx_word' id='word_1_159' title='bbox 510 2521 584 2563; x_wconf 91' lang='lat' dir='ltr'>eum</span> <span class='ocrx_word' id='word_1_160' title='bbox 600 2502 819 2587; x_wconf 84' lang='lat' dir='ltr'>solempniter,</span> <span class='ocrx_word' id='word_1_161' title='bbox 833 2515 909 2587; x_wconf 90' lang='lat' dir='ltr'>post</span> <span class='ocrx_word' id='word_1_162' title='bbox 922 2505 1045 2569; x_wconf 86' lang='lat' dir='ltr'>exitum</span> <span class='ocrx_word' id='word_1_163' title='bbox 1069 2505 1110 2570; x_wconf 93' lang='lat' dir='ltr'>de</span> <span class='ocrx_word' id='word_1_164' title='bbox 1134 2503 1294 2590; x_wconf 87' lang='lat' dir='ltr'>capitulo,</span> <span class='ocrx_word' id='word_1_165' title='bbox 1310 2521 1422 2585; x_wconf 83' lang='lat' dir='ltr'>usque</span> <span class='ocrx_word' id='word_1_166' title='bbox 1448 2498 1493 2563; x_wconf 77' lang='lat' dir='ltr'>ud</span> 
     </span>
     <span class='ocr_line' id='line_1_20' title="bbox 284 2598 1495 2689; baseline 0.007 -31"><span class='ocrx_word' id='word_1_167' title='bbox 284 2606 416 2681; x_wconf 90' lang='lat' dir='ltr'>portam</span> <span class='ocrx_word' id='word_1_168' title='bbox 442 2598 597 2680; x_wconf 84' lang='lat' dir='ltr'>cimiterii,</span> <span class='ocrx_word' id='word_1_169' title='bbox 622 2603 812 2667; x_wconf 90' lang='lat' dir='ltr'>sonantibus</span> <span class='ocrx_word' id='word_1_170' title='bbox 835 2607 998 2689; x_wconf 89' lang='lat' dir='ltr'>campanis</span> <span class='ocrx_word' id='word_1_171' title='bbox 1020 2607 1055 2671; x_wconf 89' lang='lat' dir='ltr'>in</span> <span class='ocrx_word' id='word_1_172' title='bbox 1070 2608 1171 2671; x_wconf 92' lang='lat' dir='ltr'>choro</span> <span class='ocrx_word' id='word_1_173' title='bbox 1195 2616 1230 2671; x_wconf 87' lang='lat' dir='ltr'>et</span> <span class='ocrx_word' id='word_1_174' title='bbox 1256 2613 1362 2670; x_wconf 88' lang='lat' dir='ltr'>extra.</span> <span class='ocrx_word' id='word_1_175' title='bbox 1411 2603 1495 2687; x_wconf 86' lang='lat' dir='ltr'>lpse</span> 
     </span>
     <span class='ocr_line' id='line_1_21' title="bbox 284 2699 1498 2793; baseline 0.007 -33"><span class='ocrx_word' id='word_1_176' title='bbox 284 2719 366 2762; x_wconf 87' lang='lat' dir='ltr'>vero</span> <span class='ocrx_word' id='word_1_177' title='bbox 392 2699 596 2767; x_wconf 90' lang='lat' dir='ltr'>multitudine</span> <span class='ocrx_word' id='word_1_178' title='bbox 618 2702 788 2768; x_wconf 91' lang='lat' dir='ltr'>hominum</span> <span class='ocrx_word' id='word_1_179' title='bbox 811 2707 1021 2793; x_wconf 90' lang='lat' dir='ltr'>constipatus,</span> <span class='ocrx_word' id='word_1_180' title='bbox 1046 2709 1161 2773; x_wconf 76' lang='lat' dir='ltr'>videns</span> <span class='ocrx_word' id='word_1_181' title='bbox 1188 2717 1410 2784; x_wconf 84' lang='lat' dir='ltr'>conventum,</span> <span class='ocrx_word' id='word_1_182' title='bbox 1435 2705 1498 2768; x_wconf 88' lang='lat' dir='ltr'>de·</span> 
     </span>
     <span class='ocr_line' id='line_1_22' title="bbox 288 2799 1500 2891; baseline 0.009 -29"><span class='ocrx_word' id='word_1_183' title='bbox 288 2799 419 2864; x_wconf 84' lang='lat' dir='ltr'>scandit</span> <span class='ocrx_word' id='word_1_184' title='bbox 433 2800 472 2865; x_wconf 93' lang='lat' dir='ltr'>de</span> <span class='ocrx_word' id='word_1_185' title='bbox 486 2823 569 2886; x_wconf 91' lang='lat' dir='ltr'>equo</span> <span class='ocrx_word' id='word_1_186' title='bbox 592 2815 681 2868; x_wconf 84' lang='lat' dir='ltr'>extra</span> <span class='ocrx_word' id='word_1_187' title='bbox 697 2805 795 2870; x_wconf 90' lang='lat' dir='ltr'>limen</span> <span class='ocrx_word' id='word_1_188' title='bbox 815 2819 918 2891; x_wconf 90' lang='lat' dir='ltr'>porte,</span> <span class='ocrx_word' id='word_1_189' title='bbox 941 2820 975 2874; x_wconf 92' lang='lat' dir='ltr'>et</span> <span class='ocrx_word' id='word_1_190' title='bbox 998 2811 1119 2876; x_wconf 86' lang='lat' dir='ltr'>faciens</span> <span class='ocrx_word' id='word_1_191' title='bbox 1134 2833 1171 2876; x_wconf 91' lang='lat' dir='ltr'>se</span> <span class='ocrx_word' id='word_1_192' title='bbox 1193 2808 1393 2887; x_wconf 85' lang='lat' dir='ltr'>discalciari,</span> <span class='ocrx_word' id='word_1_193' title='bbox 1407 2806 1500 2872; x_wconf 81' lang='lat' dir='ltr'>intra</span> 
     </span>
     <span class='ocr_line' id='line_1_23' title="bbox 286 2903 1499 2994; baseline 0.008 -31"><span class='ocrx_word' id='word_1_194' title='bbox 286 2911 418 2984; x_wconf 91' lang='lat' dir='ltr'>portam</span> <span class='ocrx_word' id='word_1_195' title='bbox 441 2903 577 2988; x_wconf 89' lang='lat' dir='ltr'>nudipes</span> <span class='ocrx_word' id='word_1_196' title='bbox 600 2917 770 2992; x_wconf 89' lang='lat' dir='ltr'>susceptus</span> <span class='ocrx_word' id='word_1_197' title='bbox 794 2920 856 2988; x_wconf 92' lang='lat' dir='ltr'>est,</span> <span class='ocrx_word' id='word_1_198' title='bbox 883 2911 988 2994; x_wconf 87' lang='lat' dir='ltr'>priore</span> <span class='ocrx_word' id='word_1_199' title='bbox 1014 2923 1048 2976; x_wconf 91' lang='lat' dir='ltr'>et</span> <span class='ocrx_word' id='word_1_200' title='bbox 1082 2912 1217 2977; x_wconf 80' lang='lat' dir='ltr'>sacrista</span> <span class='ocrx_word' id='word_1_201' title='bbox 1242 2909 1324 2976; x_wconf 90' lang='lat' dir='ltr'>hinc</span> <span class='ocrx_word' id='word_1_202' title='bbox 1354 2920 1391 2975; x_wconf 88' lang='lat' dir='ltr'>et</span> <span class='ocrx_word' id='word_1_203' title='bbox 1415 2909 1499 2974; x_wconf 89' lang='lat' dir='ltr'>inde</span> 
     </span>
     <span class='ocr_line' id='line_1_24' title="bbox 288 3002 1503 3099; baseline 0.011 -36"><span class='ocrx_word' id='word_1_204' title='bbox 288 3002 485 3066; x_wconf 88' lang='lat' dir='ltr'>ducentibus</span> <span class='ocrx_word' id='word_1_205' title='bbox 499 3026 583 3069; x_wconf 92' lang='lat' dir='ltr'>eum.</span> <span class='ocrx_word' id='word_1_206' title='bbox 627 3007 698 3071; x_wconf 92' lang='lat' dir='ltr'>Nos</span> <span class='ocrx_word' id='word_1_207' title='bbox 712 3031 788 3074; x_wconf 87' lang='lat' dir='ltr'>vero</span> <span class='ocrx_word' id='word_1_208' title='bbox 804 3013 1002 3076; x_wconf 88' lang='lat' dir='ltr'>cantavimus</span> <span class='ocrx_word' id='word_1_209' title='bbox 1017 3014 1235 3099; x_wconf 86' lang='lat' dir='ltr'>responsoria,</span> <span class='ocrx_word' id='word_1_210' title='bbox 1255 3011 1503 3077; x_wconf 83' lang='lat' dir='ltr'>“Benedictus</span> 
     </span>
    </p>

    <p class='ocr_par' dir='ltr' id='par_1_4' title="bbox 128 3102 1516 3919">
     <span class='ocr_line' id='line_1_25' title="bbox 128 3102 1505 3196; baseline 0.009 -30"><span class='ocrx_word' id='word_1_211' title='bbox 128 3119 156 3166; x_wconf 74' lang='lat'>1².</span> <span class='ocrx_word' id='word_1_212' title='bbox 169 3117 214 3167; x_wconf 52' lang='lat'>1127</span> <span class='ocrx_word' id='word_1_213' title='bbox 226 3132 247 3163; x_wconf 76' lang='lat' dir='ltr'>v.</span> <span class='ocrx_word' id='word_1_214' title='bbox 291 3102 511 3180; x_wconf 70' lang='lat' dir='ltr'>Dominus,&#39;&#39;&#39;</span> <span class='ocrx_word' id='word_1_215' title='bbox 527 3106 566 3168; x_wconf 91' lang='lat' dir='ltr'>de</span> <span class='ocrx_word' id='word_1_216' title='bbox 589 3108 764 3174; x_wconf 76' lang='lat' dir='ltr'>Trinitates</span> <span class='ocrx_word' id='word_1_217' title='bbox 787 3122 920 3196; x_wconf 92' lang='lat' dir='ltr'>etpost,</span> <span class='ocrx_word' id='word_1_218' title='bbox 945 3119 966 3152; x_wconf 87' lang='lat'>“</span> <span class='ocrx_word' id='word_1_219' title='bbox 977 3115 1107 3179; x_wconf 89' lang='lat' dir='ltr'>Martiri</span> <span class='ocrx_word' id='word_1_220' title='bbox 1128 3115 1294 3194; x_wconf 80' lang='lat' dir='ltr'>adhuc,³”</span> <span class='ocrx_word' id='word_1_221' title='bbox 1311 3114 1355 3180; x_wconf 89' lang='lat' dir='ltr'>de</span> <span class='ocrx_word' id='word_1_222' title='bbox 1378 3123 1505 3178; x_wconf 84' lang='lat' dir='ltr'>sancto</span> 
     </span>
     <span class='ocr_line' id='line_1_26' title="bbox 294 3200 1503 3302; baseline 0.017 -41"><span class='ocrx_word' id='word_1_223' title='bbox 294 3200 511 3263; x_wconf 76' lang='lat' dir='ltr'>Eadmundoz</span> <span class='ocrx_word' id='word_1_224' title='bbox 534 3205 686 3268; x_wconf 89' lang='lat' dir='ltr'>ducentes</span> <span class='ocrx_word' id='word_1_225' title='bbox 702 3208 849 3274; x_wconf 88' lang='lat' dir='ltr'>abbatem</span> <span class='ocrx_word' id='word_1_226' title='bbox 863 3235 965 3297; x_wconf 87' lang='lat' dir='ltr'>usque</span> <span class='ocrx_word' id='word_1_227' title='bbox 976 3216 1017 3279; x_wconf 95' lang='lat' dir='ltr'>ad</span> <span class='ocrx_word' id='word_1_228' title='bbox 1031 3240 1187 3302; x_wconf 89' lang='lat' dir='ltr'>magnum</span> <span class='ocrx_word' id='word_1_229' title='bbox 1198 3219 1313 3283; x_wconf 88' lang='lat' dir='ltr'>altare.</span> <span class='ocrx_word' id='word_1_230' title='bbox 1360 3216 1503 3283; x_wconf 79' lang='lat' dir='ltr'>Quibus</span> 
     </span>
     <span class='ocr_line' id='line_1_27' title="bbox 297 3296 1510 3406; baseline 0.021 -47"><span class='ocrx_word' id='word_1_231' title='bbox 297 3296 450 3378; x_wconf 87' lang='lat' dir='ltr'>peractis,</span> <span class='ocrx_word' id='word_1_232' title='bbox 464 3298 620 3365; x_wconf 90' lang='lat' dir='ltr'>siluerunt</span> <span class='ocrx_word' id='word_1_233' title='bbox 633 3313 666 3366; x_wconf 92' lang='lat' dir='ltr'>et</span> <span class='ocrx_word' id='word_1_234' title='bbox 679 3327 796 3390; x_wconf 84' lang='lat' dir='ltr'>organa</span> <span class='ocrx_word' id='word_1_235' title='bbox 810 3319 844 3372; x_wconf 92' lang='lat' dir='ltr'>et</span> <span class='ocrx_word' id='word_1_236' title='bbox 856 3332 1020 3396; x_wconf 86' lang='lat' dir='ltr'>campane,</span> <span class='ocrx_word' id='word_1_237' title='bbox 1029 3320 1158 3384; x_wconf 88' lang='lat' dir='ltr'>etdicta</span> <span class='ocrx_word' id='word_1_238' title='bbox 1173 3321 1325 3386; x_wconf 79' lang='lat' dir='ltr'>oratione</span> <span class='ocrx_word' id='word_1_239' title='bbox 1340 3343 1361 3384; x_wconf 89' lang='lat' dir='ltr'>a</span> <span class='ocrx_word' id='word_1_240' title='bbox 1375 3319 1510 3406; x_wconf 71' lang='lat' dir='ltr'>priore,</span> 
     </span>
     <span class='ocr_line' id='line_1_28' title="bbox 301 3394 1510 3508; baseline 0.03 -53"><span class='ocrx_word' id='word_1_241' title='bbox 301 3398 323 3430; x_wconf 92' lang='lat'><strong>“</strong></span> <span class='ocrx_word' id='word_1_242' title='bbox 334 3394 550 3479; x_wconf 80' lang='lat' dir='ltr'>Omnipotens</span> <span class='ocrx_word' id='word_1_243' title='bbox 565 3404 756 3487; x_wconf 89' lang='lat' dir='ltr'>sempiterne</span> <span class='ocrx_word' id='word_1_244' title='bbox 772 3408 873 3487; x_wconf 90' lang='lat' dir='ltr'>Deus,</span> <span class='ocrx_word' id='word_1_245' title='bbox 888 3414 1001 3479; x_wconf 91' lang='lat' dir='ltr'>misere</span> <span class='ocrx_word' id='word_1_246' title='bbox 1015 3419 1143 3499; x_wconf 83' lang='lat' dir='ltr'>huic,&#39;&#39;⁴</span> <span class='ocrx_word' id='word_1_247' title='bbox 1160 3424 1219 3487; x_wconf 77' lang='grc' dir='ltr'><strong><em>διο.</em></strong></span> <span class='ocrx_word' id='word_1_248' title='bbox 1231 3444 1334 3508; x_wconf 90' lang='lat' dir='ltr'>super</span> <span class='ocrx_word' id='word_1_249' title='bbox 1343 3421 1510 3488; x_wconf 77' lang='lat' dir='ltr'>abbatem</span> 
     </span>
     <span class='ocr_line' id='line_1_29' title="bbox 303 3502 1512 3607; baseline 0.035 -54"><span class='ocrx_word' id='word_1_250' title='bbox 303 3502 512 3607; x_wconf 77' lang='lat' dir='ltr'>prostratum,</span> <span class='ocrx_word' id='word_1_251' title='bbox 538 3510 571 3562; x_wconf 92' lang='lat' dir='ltr'>et</span> <span class='ocrx_word' id='word_1_252' title='bbox 592 3502 674 3567; x_wconf 85' lang='lat' dir='ltr'>facta</span> <span class='ocrx_word' id='word_1_253' title='bbox 699 3506 863 3575; x_wconf 88' lang='lat' dir='ltr'>oblacione</span> <span class='ocrx_word' id='word_1_254' title='bbox 887 3513 927 3576; x_wconf 81' lang='lat' dir='ltr'>ab</span> <span class='ocrx_word' id='word_1_255' title='bbox 952 3516 1078 3599; x_wconf 89' lang='lat' dir='ltr'>abbate,</span> <span class='ocrx_word' id='word_1_256' title='bbox 1100 3534 1133 3587; x_wconf 91' lang='lat' dir='ltr'>et</span> <span class='ocrx_word' id='word_1_257' title='bbox 1149 3524 1343 3590; x_wconf 88' lang='lat' dir='ltr'>deosculato</span> <span class='ocrx_word' id='word_1_258' title='bbox 1367 3526 1512 3605; x_wconf 58' lang='lat' dir='ltr'>sereno,</span> 
     </span>
     <span class='ocr_line' id='line_1_30' title="bbox 305 3594 1516 3713; baseline 0.032 -56"><span class='ocrx_word' id='word_1_259' title='bbox 305 3594 404 3657; x_wconf 80' lang='lat' dir='ltr'>rediit</span> <span class='ocrx_word' id='word_1_260' title='bbox 417 3595 450 3658; x_wconf 94' lang='lat' dir='ltr'>in</span> <span class='ocrx_word' id='word_1_261' title='bbox 466 3598 608 3679; x_wconf 92' lang='lat' dir='ltr'>chorum,</span> <span class='ocrx_word' id='word_1_262' title='bbox 623 3612 656 3667; x_wconf 92' lang='lat' dir='ltr'>et</span> <span class='ocrx_word' id='word_1_263' title='bbox 670 3604 714 3668; x_wconf 92' lang='lat' dir='ltr'>ibi</span> <span class='ocrx_word' id='word_1_264' title='bbox 728 3611 847 3693; x_wconf 91' lang='lat' dir='ltr'>recepit</span> <span class='ocrx_word' id='word_1_265' title='bbox 860 3633 933 3677; x_wconf 91' lang='lat' dir='ltr'>eum</span> <span class='ocrx_word' id='word_1_266' title='bbox 950 3618 1087 3685; x_wconf 87' lang='lat' dir='ltr'>Samson</span> <span class='ocrx_word' id='word_1_267' title='bbox 1102 3636 1217 3690; x_wconf 84' lang='lat' dir='ltr'>cantor</span> <span class='ocrx_word' id='word_1_268' title='bbox 1232 3648 1294 3713; x_wconf 86' lang='lat' dir='ltr'>per</span> <span class='ocrx_word' id='word_1_269' title='bbox 1307 3651 1465 3708; x_wconf 87' lang='lat' dir='ltr'>manum,</span> <span class='ocrx_word' id='word_1_270' title='bbox 1477 3639 1516 3694; x_wconf 83' lang='lat' dir='ltr'>et</span> 
     </span>
     <span class='ocr_line' id='line_1_31' title="bbox 309 3696 1515 3813; baseline 0.036 -58"><span class='ocrx_word' id='word_1_271' title='bbox 309 3696 404 3757; x_wconf 86' lang='lat' dir='ltr'>duxit</span> <span class='ocrx_word' id='word_1_272' title='bbox 419 3718 518 3780; x_wconf 90' lang='lat' dir='ltr'>usque</span> <span class='ocrx_word' id='word_1_273' title='bbox 542 3702 583 3764; x_wconf 88' lang='lat' dir='ltr'>ad</span> <span class='ocrx_word' id='word_1_274' title='bbox 608 3705 715 3767; x_wconf 90' lang='lat' dir='ltr'>sedem</span> <span class='ocrx_word' id='word_1_275' title='bbox 741 3708 864 3774; x_wconf 89' lang='lat' dir='ltr'>abbatis</span> <span class='ocrx_word' id='word_1_276' title='bbox 886 3715 927 3777; x_wconf 91' lang='lat' dir='ltr'>ad</span> <span class='ocrx_word' id='word_1_277' title='bbox 951 3721 1183 3791; x_wconf 89' lang='lat' dir='ltr'>occidentalem</span> <span class='ocrx_word' id='word_1_278' title='bbox 1208 3741 1340 3813; x_wconf 87' lang='lat' dir='ltr'>partem</span> <span class='ocrx_word' id='word_1_279' title='bbox 1380 3730 1443 3795; x_wconf 86' lang='lat' dir='ltr'>ubi</span> <span class='ocrx_word' id='word_1_280' title='bbox 1471 3752 1515 3797; x_wconf 78' lang='lat' dir='ltr'>eo</span> 
     </span>
     <span class='ocr_line' id='line_1_32' title="bbox 310 3777 1514 3919; baseline 0.039 -66"><span class='ocrx_word' id='word_1_281' title='bbox 310 3805 429 3872; x_wconf 86' lang='lat' dir='ltr'>stante,</span> <span class='ocrx_word' id='word_1_282' title='bbox 443 3796 477 3859; x_wconf 93' lang='lat' dir='ltr'>in</span> <span class='ocrx_word' id='word_1_283' title='bbox 491 3798 646 3866; x_wconf 87' lang='lat' dir='ltr'>directum</span> <span class='ocrx_word' id='word_1_284' title='bbox 661 3806 780 3890; x_wconf 92' lang='lat' dir='ltr'>incepit</span> <span class='ocrx_word' id='word_1_285' title='bbox 794 3821 923 3878; x_wconf 79' lang='lat' dir='ltr'>cantor:</span> <span class='ocrx_word' id='word_1_286' title='bbox 946 3822 966 3854; x_wconf 91' lang='lat'>“</span> <span class='ocrx_word' id='word_1_287' title='bbox 977 3821 1024 3885; x_wconf 87' lang='lat' dir='ltr'>Te</span> <span class='ocrx_word' id='word_1_288' title='bbox 1040 3824 1149 3890; x_wconf 89' lang='lat' dir='ltr'>Deum</span> <span class='ocrx_word' id='word_1_289' title='bbox 1163 3777 1363 3912; x_wconf 56' lang='lat' dir='ltr'>laudamus&#39;3</span> <span class='ocrx_word' id='word_1_290' title='bbox 1377 3833 1400 3866; x_wconf 90' lang='lat'>’&#39;</span> <span class='ocrx_word' id='word_1_291' title='bbox 1416 3778 1514 3919; x_wconf 73' lang='lat' dir='ltr'>qirod</span> 
     </span>
    </p>
   </div>
   <div class='ocr_carea' id='block_1_3' title="bbox 348 3938 1518 4116">
    <p class='ocr_par' dir='ltr' id='par_1_5' title="bbox 348 3938 1518 4116">
     <span class='ocr_line' id='line_1_33' title="bbox 348 3938 1499 4063; baseline 0.046 -79"><span class='ocrx_word' id='word_1_292' title='bbox 348 3938 362 4052; x_wconf 54' lang='grc' dir='ltr'>ἑ</span> <span class='ocrx_word' id='word_1_293' title='bbox 377 3939 506 4063; x_wconf 50' lang='lat' dir='ltr'>Ilgptforrl.</span> <span class='ocrx_word' id='word_1_294' title='bbox 646 4032 651 4044; x_wconf 34' lang='grc' dir='ltr'>ι</span> <span class='ocrx_word' id='word_1_295' title='bbox 713 3953 725 3991; x_wconf 78' lang='lat'>²</span> <span class='ocrx_word' id='word_1_296' title='bbox 742 3956 860 4020; x_wconf 83' lang='lat' dir='ltr'>Respons.</span> <span class='ocrx_word' id='word_1_297' title='bbox 872 3965 1042 4021; x_wconf 81' lang='lat' dir='ltr'>admatutinas</span> <span class='ocrx_word' id='word_1_298' title='bbox 1053 3975 1079 4021; x_wconf 88' lang='lat' dir='ltr'>in</span> <span class='ocrx_word' id='word_1_299' title='bbox 1091 3976 1155 4026; x_wconf 82' lang='lat' dir='ltr'>sesto</span> <span class='ocrx_word' id='word_1_300' title='bbox 1167 3980 1194 4029; x_wconf 87' lang='lat' dir='ltr'>S.</span> <span class='ocrx_word' id='word_1_301' title='bbox 1207 3980 1302 4031; x_wconf 87' lang='lat' dir='ltr'>Trinit.</span> <span class='ocrx_word' id='word_1_302' title='bbox 1316 3991 1379 4047; x_wconf 87' lang='lat' dir='ltr'>post</span> <span class='ocrx_word' id='word_1_303' title='bbox 1390 3982 1419 4033; x_wconf 90' lang='lat' dir='ltr'>ii.</span> <span class='ocrx_word' id='word_1_304' title='bbox 1432 3986 1499 4034; x_wconf 78' lang='lat' dir='ltr'>lect.</span> 
     </span>
     <span class='ocr_line' id='line_1_34' title="bbox 427 4026 1518 4116; baseline 0.05 -50"><span class='ocrx_word' id='word_1_305' title='bbox 427 4032 496 4077; x_wconf 81' lang='lat' dir='ltr'>pour.</span> <span class='ocrx_word' id='word_1_306' title='bbox 509 4026 538 4071; x_wconf 83' lang='lat' dir='ltr'>ud</span> <span class='ocrx_word' id='word_1_307' title='bbox 549 4035 634 4077; x_wconf 83' lang='lat' dir='ltr'>matut</span> <span class='ocrx_word' id='word_1_308' title='bbox 645 4048 670 4078; x_wconf 78' lang='grc' dir='ltr'>ιη</span> <span class='ocrx_word' id='word_1_309' title='bbox 681 4033 743 4081; x_wconf 81' lang='lat' dir='ltr'>sesto</span> <span class='ocrx_word' id='word_1_310' title='bbox 756 4035 780 4082; x_wconf 84' lang='lat' dir='ltr'>S.</span> <span class='ocrx_word' id='word_1_311' title='bbox 792 4038 915 4092; x_wconf 81' lang='lat' dir='ltr'>Edrnundi</span> <span class='ocrx_word' id='word_1_312' title='bbox 926 4059 982 4108; x_wconf 88' lang='lat' dir='ltr'>post</span> <span class='ocrx_word' id='word_1_313' title='bbox 992 4052 1025 4099; x_wconf 84' lang='lat' dir='ltr'>vi.</span> <span class='ocrx_word' id='word_1_314' title='bbox 1037 4054 1094 4102; x_wconf 86' lang='lat' dir='ltr'>lect.</span> <span class='ocrx_word' id='word_1_315' title='bbox 1263 4066 1278 4102; x_wconf 84' lang='grc'><strong>4</strong></span> <span class='ocrx_word' id='word_1_316' title='bbox 1296 4065 1408 4114; x_wconf 79' lang='lat' dir='ltr'>Collect.</span> <span class='ocrx_word' id='word_1_317' title='bbox 1421 4064 1518 4116; x_wconf 63' lang='grc' dir='ltr'><strong>Μίδεω</strong></span> 
     </span>
    </p>
   </div>
   <div class='ocr_carea' id='block_1_4' title="bbox 315 4093 1523 4211">
    <p class='ocr_par' dir='ltr' id='par_1_6' title="bbox 315 4093 1523 4211">
     <span class='ocr_line' id='line_1_35' title="bbox 315 4093 1523 4211; baseline 0.055 -71"><span class='ocrx_word' id='word_1_318' title='bbox 315 4093 415 4140; x_wconf 73' lang='lat' dir='ltr'>Votivoe</span> <span class='ocrx_word' id='word_1_319' title='bbox 424 4093 483 4143; x_wconf 82' lang='lat' dir='ltr'>lxxi.</span> <span class='ocrx_word' id='word_1_320' title='bbox 493 4099 519 4146; x_wconf 84' lang='lat' dir='ltr'>in</span> <span class='ocrx_word' id='word_1_321' title='bbox 528 4101 675 4157; x_wconf 74' lang='lat' dir='ltr'>sacrament.</span> <span class='ocrx_word' id='word_1_322' title='bbox 684 4111 929 4184; x_wconf 61' lang='lat' dir='ltr'>(tragos-Litoris</span> <span class='ocrx_word' id='word_1_323' title='bbox 941 4129 1053 4181; x_wconf 83' lang='lat' dir='ltr'>Romana</span> <span class='ocrx_word' id='word_1_324' title='bbox 1058 4135 1145 4185; x_wconf 79' lang='lat' dir='ltr'>Vetus.</span> <span class='ocrx_word' id='word_1_325' title='bbox 1159 4139 1296 4202; x_wconf 78' lang='lat' dir='ltr'>Muratori,</span> <span class='ocrx_word' id='word_1_326' title='bbox 1309 4150 1378 4195; x_wconf 83' lang='lat' dir='ltr'>tom.</span> <span class='ocrx_word' id='word_1_327' title='bbox 1391 4147 1421 4196; x_wconf 73' lang='lat' dir='ltr'>ii·</span> <span class='ocrx_word' id='word_1_328' title='bbox 1433 4164 1463 4211; x_wconf 81' lang='lat' dir='ltr'>p·</span> <span class='ocrx_word' id='word_1_329' title='bbox 1477 4150 1523 4198; x_wconf 78' lang='grc'>90·</span> 
     </span>
    </p>
   </div>
   <div class='ocr_carea' id='block_1_5' title="bbox 0 0 1850 4898">
    <p class='ocr_par' dir='ltr' id='par_1_7' title="bbox 0 0 1850 4898">
     <span class='ocr_line' id='line_1_36' title="bbox 0 0 1850 4898; baseline 0 0"><span class='ocrx_word' id='word_1_330' title='bbox 0 0 1850 4898; x_wconf 95' lang='lat' dir='ltr'> </span> 
     </span>
    </p>
   </div>
  </div>
 </body>
</html>
