<?xml version="1.0" encoding="UTF-8"?>
<!DOCTYPE html PUBLIC "-//W3C//DTD XHTML 1.0 Transitional//EN"
    "http://www.w3.org/TR/xhtml1/DTD/xhtml1-transitional.dtd">
<html xmlns="http://www.w3.org/1999/xhtml" xml:lang="en" lang="en">
 <head>
  <title>
</title>
<meta http-equiv="Content-Type" content="text/html;charset=utf-8" />
  <meta name='ocr-system' content='tesseract 3.04.00' />
  <meta name='ocr-capabilities' content='ocr_page ocr_carea ocr_par ocr_line ocrx_word'/>
</head>
<body>
  <div class='ocr_page' id='page_1' title='image "./chronicajocelin00jocegoog_0156.png"; bbox 0 0 3556 4898; ppageno 0'>
   <div class='ocr_carea' id='block_1_1' title="bbox 284 605 947 663">
    <p class='ocr_par' dir='ltr' id='par_1_1' title="bbox 284 605 947 663">
     <span class='ocr_line' id='line_1_1' title="bbox 284 605 947 663; baseline -0.003 -1"><span class='ocrx_word' id='word_1_1' title='bbox 284 605 346 662; x_wconf 74' lang='lat'><strong>140</strong></span> <span class='ocrx_word' id='word_1_2' title='bbox 824 616 947 663; x_wconf 80' lang='lat' dir='ltr'><strong>noras.</strong></span> 
     </span>
    </p>
   </div>
   <div class='ocr_carea' id='block_1_2' title="bbox 281 758 1485 1510">
    <p class='ocr_par' dir='ltr' id='par_1_2' title="bbox 281 758 1485 1510">
     <span class='ocr_line' id='line_1_2' title="bbox 323 758 1482 846; baseline -0.006 -22"><span class='ocrx_word' id='word_1_3' title='bbox 323 767 360 826; x_wconf 88' lang='lat' dir='ltr'><strong>P.</strong></span> <span class='ocrx_word' id='word_1_4' title='bbox 375 775 427 838; x_wconf 74' lang='lat'><strong>72,</strong></span> <span class='ocrx_word' id='word_1_5' title='bbox 442 771 460 829; x_wconf 81' lang='lat' dir='ltr'><strong>l.</strong></span> <span class='ocrx_word' id='word_1_6' title='bbox 474 776 503 829; x_wconf 81' lang='lat'><strong>5.</strong></span> <span class='ocrx_word' id='word_1_7' title='bbox 543 770 634 827; x_wconf 82' lang='lat' dir='ltr'><strong>Adam</strong></span> <span class='ocrx_word' id='word_1_8' title='bbox 657 772 691 827; x_wconf 88' lang='lat' dir='ltr'><strong>de</strong></span> <span class='ocrx_word' id='word_1_9' title='bbox 713 771 847 845; x_wconf 74' lang='lat' dir='ltr'><strong>Coleseld</strong></span> <span class='ocrx_word' id='word_1_10' title='bbox 869 771 986 828; x_wconf 80' lang='lat' dir='ltr'><strong>moriens</strong></span> <span class='ocrx_word' id='word_1_11' title='bbox 1001 769 1094 846; x_wconf 77' lang='lat' dir='ltr'><strong>filiam</strong></span> <span class='ocrx_word' id='word_1_12' title='bbox 1118 767 1201 824; x_wconf 75' lang='lat' dir='ltr'><strong>trium</strong></span> <span class='ocrx_word' id='word_1_13' title='bbox 1222 763 1354 820; x_wconf 60' lang='lat' dir='ltr'><strong>mendam</strong></span> <span class='ocrx_word' id='word_1_14' title='bbox 1368 758 1482 837; x_wconf 71' lang='lat' dir='ltr'><strong>reliqvit</strong></span> 
     </span>
     <span class='ocr_line' id='line_1_3' title="bbox 281 857 1481 936; baseline -0.01 -14"><span class='ocrx_word' id='word_1_15' title='bbox 281 864 416 924; x_wconf 77' lang='lat' dir='ltr'><strong>heredem.</strong></span> <span class='ocrx_word' id='word_1_16' title='bbox 457 867 495 923; x_wconf 89' lang='lat' dir='ltr'><strong>P.</strong></span> <span class='ocrx_word' id='word_1_17' title='bbox 511 869 560 931; x_wconf 78' lang='lat'><strong>42,</strong></span> <span class='ocrx_word' id='word_1_18' title='bbox 576 867 595 924; x_wconf 82' lang='lat'><strong>1.</strong></span> <span class='ocrx_word' id='word_1_19' title='bbox 615 869 660 931; x_wconf 85' lang='lat'><strong>17.</strong></span> <span class='ocrx_word' id='word_1_20' title='bbox 700 866 824 924; x_wconf 78' lang='lat' dir='ltr'><strong>Mortuo</strong></span> <span class='ocrx_word' id='word_1_21' title='bbox 839 864 971 923; x_wconf 82' lang='lat' dir='ltr'><strong>Roberto</strong></span> <span class='ocrx_word' id='word_1_22' title='bbox 993 864 1029 921; x_wconf 83' lang='lat' dir='ltr'><strong>de</strong></span> <span class='ocrx_word' id='word_1_23' title='bbox 1055 859 1206 936; x_wconf 70' lang='lat' dir='ltr'><strong>Colcefeld.</strong></span> <span class='ocrx_word' id='word_1_24' title='bbox 1247 857 1288 916; x_wconf 93' lang='lat' dir='ltr'><strong>P.</strong></span> <span class='ocrx_word' id='word_1_25' title='bbox 1313 860 1363 924; x_wconf 81' lang='lat'><strong>91,</strong></span> <span class='ocrx_word' id='word_1_26' title='bbox 1387 858 1409 915; x_wconf 82' lang='lat' dir='ltr'><strong>l.</strong></span> <span class='ocrx_word' id='word_1_27' title='bbox 1434 858 1481 912; x_wconf 87' lang='lat' dir='ltr'><strong>ll.</strong></span> 
     </span>
     <span class='ocr_line' id='line_1_4' title="bbox 281 951 1483 1034; baseline -0.006 -20"><span class='ocrx_word' id='word_1_28' title='bbox 281 956 397 1018; x_wconf 78' lang='lat' dir='ltr'><strong>Mortuo</strong></span> <span class='ocrx_word' id='word_1_29' title='bbox 411 958 502 1018; x_wconf 85' lang='lat' dir='ltr'><strong>Adam</strong></span> <span class='ocrx_word' id='word_1_30' title='bbox 517 964 549 1018; x_wconf 83' lang='lat' dir='ltr'><strong>de</strong></span> <span class='ocrx_word' id='word_1_31' title='bbox 563 961 705 1034; x_wconf 61' lang='lat' dir='ltr'><strong>Cokffeld.</strong></span> <span class='ocrx_word' id='word_1_32' title='bbox 749 963 784 1021; x_wconf 91' lang='lat' dir='ltr'><strong>P.</strong></span> <span class='ocrx_word' id='word_1_33' title='bbox 804 967 874 1030; x_wconf 76' lang='lat'><strong>102,</strong></span> <span class='ocrx_word' id='word_1_34' title='bbox 890 961 910 1017; x_wconf 88' lang='lat' dir='ltr'><strong>l.</strong></span> <span class='ocrx_word' id='word_1_35' title='bbox 927 964 954 1019; x_wconf 85' lang='lat'><strong>9.</strong></span> <span class='ocrx_word' id='word_1_36' title='bbox 996 959 1141 1016; x_wconf 83' lang='lat' dir='ltr'><strong>Robertus</strong></span> <span class='ocrx_word' id='word_1_37' title='bbox 1154 957 1187 1012; x_wconf 85' lang='lat' dir='ltr'><strong>de</strong></span> <span class='ocrx_word' id='word_1_38' title='bbox 1201 951 1363 1031; x_wconf 79' lang='lat' dir='ltr'><strong>Kotefeldo</strong></span> <span class='ocrx_word' id='word_1_39' title='bbox 1386 970 1483 1026; x_wconf 76' lang='lat' dir='ltr'><strong>recoq-</strong></span> 
     </span>
     <span class='ocr_line' id='line_1_5' title="bbox 282 1044 1484 1130; baseline -0.005 -21"><span class='ocrx_word' id='word_1_40' title='bbox 282 1061 373 1112; x_wconf 79' lang='lat' dir='ltr'><strong>noett.</strong></span> <span class='ocrx_word' id='word_1_41' title='bbox 415 1054 560 1125; x_wconf 87' lang='lat' dir='ltr'><strong>Anselm,</strong></span> <span class='ocrx_word' id='word_1_42' title='bbox 577 1056 684 1115; x_wconf 86' lang='lat' dir='ltr'><strong>Abbot</strong></span> <span class='ocrx_word' id='word_1_43' title='bbox 704 1055 739 1115; x_wconf 83' lang='lat' dir='ltr'><strong>of</strong></span> <span class='ocrx_word' id='word_1_44' title='bbox 758 1055 805 1117; x_wconf 87' lang='lat' dir='ltr'><strong>St.</strong></span> <span class='ocrx_word' id='word_1_45' title='bbox 830 1053 1016 1124; x_wconf 88' lang='lat' dir='ltr'><strong>Edmund&#39;s,</strong></span> <span class='ocrx_word' id='word_1_46' title='bbox 1040 1049 1170 1130; x_wconf 81' lang='lat' dir='ltr'><strong>granted</strong></span> <span class='ocrx_word' id='word_1_47' title='bbox 1192 1057 1223 1108; x_wconf 91' lang='lat' dir='ltr'><strong>to</strong></span> <span class='ocrx_word' id='word_1_48' title='bbox 1238 1047 1341 1106; x_wconf 85' lang='lat' dir='ltr'><strong>Adam</strong></span> <span class='ocrx_word' id='word_1_49' title='bbox 1358 1044 1419 1105; x_wconf 87' lang='lat' dir='ltr'><strong>and</strong></span> <span class='ocrx_word' id='word_1_50' title='bbox 1434 1045 1484 1104; x_wconf 91' lang='lat' dir='ltr'><strong>his</strong></span> 
     </span>
     <span class='ocr_line' id='line_1_6' title="bbox 283 1137 1484 1228; baseline -0.003 -25"><span class='ocrx_word' id='word_1_51' title='bbox 283 1144 379 1219; x_wconf 85' lang='lat' dir='ltr'><strong>heirs,</strong></span> <span class='ocrx_word' id='word_1_52' title='bbox 393 1149 434 1228; x_wconf 93' lang='lat' dir='ltr'><strong>by</strong></span> <span class='ocrx_word' id='word_1_53' title='bbox 446 1151 499 1209; x_wconf 91' lang='lat' dir='ltr'><strong>the</strong></span> <span class='ocrx_word' id='word_1_54' title='bbox 510 1151 629 1209; x_wconf 78' lang='lat' dir='ltr'><strong>service</strong></span> <span class='ocrx_word' id='word_1_55' title='bbox 640 1148 674 1208; x_wconf 84' lang='lat' dir='ltr'><strong>ol</strong></span> <span class='ocrx_word' id='word_1_56' title='bbox 684 1170 742 1209; x_wconf 91' lang='lat' dir='ltr'><strong>one</strong></span> <span class='ocrx_word' id='word_1_57' title='bbox 755 1137 888 1227; x_wconf 79' lang='lat' dir='ltr'><strong>Kni&#39;ght,</strong></span> <span class='ocrx_word' id='word_1_58' title='bbox 904 1150 956 1208; x_wconf 90' lang='lat' dir='ltr'><strong>the</strong></span> <span class='ocrx_word' id='word_1_59' title='bbox 970 1148 1041 1208; x_wconf 92' lang='lat' dir='ltr'><strong>land</strong></span> <span class='ocrx_word' id='word_1_60' title='bbox 1058 1149 1089 1207; x_wconf 90' lang='lat' dir='ltr'><strong>in</strong></span> <span class='ocrx_word' id='word_1_61' title='bbox 1107 1143 1257 1206; x_wconf 87' lang='lat' dir='ltr'><strong>Cokefeld</strong></span> <span class='ocrx_word' id='word_1_62' title='bbox 1269 1143 1329 1202; x_wconf 90' lang='lat' dir='ltr'><strong>and</strong></span> <span class='ocrx_word' id='word_1_63' title='bbox 1345 1142 1484 1219; x_wconf 88' lang='lat' dir='ltr'><strong>Lilesey,</strong></span> 
     </span>
     <span class='ocr_line' id='line_1_7' title="bbox 283 1238 1482 1316; baseline -0.003 -16"><span class='ocrx_word' id='word_1_64' title='bbox 283 1242 316 1300; x_wconf 89' lang='lat' dir='ltr'><strong>in</strong></span> <span class='ocrx_word' id='word_1_65' title='bbox 343 1244 474 1316; x_wconf 82' lang='lat' dir='ltr'><strong>Suffolk,</strong></span> <span class='ocrx_word' id='word_1_66' title='bbox 489 1247 590 1306; x_wconf 86' lang='lat' dir='ltr'><strong>which</strong></span> <span class='ocrx_word' id='word_1_67' title='bbox 612 1246 661 1305; x_wconf 94' lang='lat' dir='ltr'><strong>his</strong></span> <span class='ocrx_word' id='word_1_68' title='bbox 684 1246 785 1306; x_wconf 79' lang='lat' dir='ltr'><strong>father</strong></span> <span class='ocrx_word' id='word_1_69' title='bbox 799 1247 979 1305; x_wconf 89' lang='lat' dir='ltr'><strong>Lemmerus</strong></span> <span class='ocrx_word' id='word_1_70' title='bbox 991 1245 1066 1304; x_wconf 91' lang='lat' dir='ltr'><strong>held</strong></span> <span class='ocrx_word' id='word_1_71' title='bbox 1081 1246 1112 1303; x_wconf 94' lang='lat' dir='ltr'><strong>in</strong></span> <span class='ocrx_word' id='word_1_72' title='bbox 1127 1244 1177 1301; x_wconf 91' lang='lat' dir='ltr'><strong>his</strong></span> <span class='ocrx_word' id='word_1_73' title='bbox 1196 1241 1350 1309; x_wconf 86' lang='lat' dir='ltr'><strong>life-time,</strong></span> <span class='ocrx_word' id='word_1_74' title='bbox 1374 1259 1406 1298; x_wconf 84' lang='lat' dir='ltr'><strong>as</strong></span> <span class='ocrx_word' id='word_1_75' title='bbox 1429 1238 1482 1298; x_wconf 88' lang='lat' dir='ltr'><strong>the</strong></span> 
     </span>
     <span class='ocr_line' id='line_1_8' title="bbox 284 1334 1485 1419; baseline -0.002 -23"><span class='ocrx_word' id='word_1_76' title='bbox 284 1357 355 1397; x_wconf 89' lang='lat' dir='ltr'><strong>men</strong></span> <span class='ocrx_word' id='word_1_77' title='bbox 370 1339 405 1399; x_wconf 85' lang='lat' dir='ltr'><strong>of</strong></span> <span class='ocrx_word' id='word_1_78' title='bbox 426 1341 473 1402; x_wconf 90' lang='lat' dir='ltr'><strong>St.</strong></span> <span class='ocrx_word' id='word_1_79' title='bbox 490 1341 664 1401; x_wconf 90' lang='lat' dir='ltr'><strong>Edmund’s</strong></span> <span class='ocrx_word' id='word_1_80' title='bbox 682 1362 779 1402; x_wconf 82' lang='lat' dir='ltr'><strong>swore</strong></span> <span class='ocrx_word' id='word_1_81' title='bbox 793 1341 853 1402; x_wconf 90' lang='lat' dir='ltr'><strong>and</strong></span> <span class='ocrx_word' id='word_1_82' title='bbox 869 1341 1015 1413; x_wconf 87' lang='lat' dir='ltr'><strong>testitied,</strong></span> <span class='ocrx_word' id='word_1_83' title='bbox 1030 1342 1061 1400; x_wconf 92' lang='lat' dir='ltr'><strong>in</strong></span> <span class='ocrx_word' id='word_1_84' title='bbox 1077 1340 1130 1399; x_wconf 87' lang='lat' dir='ltr'><strong>the</strong></span> <span class='ocrx_word' id='word_1_85' title='bbox 1152 1356 1298 1419; x_wconf 85' lang='lat' dir='ltr'><strong>presence</strong></span> <span class='ocrx_word' id='word_1_86' title='bbox 1318 1336 1352 1395; x_wconf 79' lang='lat' dir='ltr'><strong>ol</strong></span> <span class='ocrx_word' id='word_1_87' title='bbox 1371 1334 1485 1396; x_wconf 87' lang='lat' dir='ltr'><strong>Talbot</strong></span> 
     </span>
     <span class='ocr_line' id='line_1_9' title="bbox 284 1434 663 1510; baseline 0.008 -17"><span class='ocrx_word' id='word_1_88' title='bbox 284 1434 337 1494; x_wconf 89' lang='lat' dir='ltr'><strong>the</strong></span> <span class='ocrx_word' id='word_1_89' title='bbox 354 1436 459 1510; x_wconf 86' lang='lat' dir='ltr'><strong>Prior,</strong></span> <span class='ocrx_word' id='word_1_90' title='bbox 473 1438 533 1498; x_wconf 89' lang='lat' dir='ltr'><strong>and</strong></span> <span class='ocrx_word' id='word_1_91' title='bbox 548 1439 663 1499; x_wconf 86' lang='lat' dir='ltr'><strong>others.</strong></span> 
     </span>
    </p>
   </div>
   <div class='ocr_carea' id='block_1_3' title="bbox 285 1626 1489 3529">
    <p class='ocr_par' dir='ltr' id='par_1_3' title="bbox 285 1626 1489 3529">
     <span class='ocr_line' id='line_1_10' title="bbox 325 1626 1486 1710; baseline -0.001 -22"><span class='ocrx_word' id='word_1_92' title='bbox 325 1627 508 1703; x_wconf 88' lang='lat' dir='ltr'><strong>Anselmus,</strong></span> <span class='ocrx_word' id='word_1_93' title='bbox 524 1631 587 1692; x_wconf 91' lang='lat' dir='ltr'><strong>Dei</strong></span> <span class='ocrx_word' id='word_1_94' title='bbox 609 1633 708 1710; x_wconf 80' lang='lat' dir='ltr'><strong>gratia</strong></span> <span class='ocrx_word' id='word_1_95' title='bbox 729 1632 836 1692; x_wconf 85' lang='lat' dir='ltr'><strong>Ahhas</strong></span> <span class='ocrx_word' id='word_1_96' title='bbox 858 1630 997 1690; x_wconf 84' lang='lat' dir='ltr'><strong>ecelesiae</strong></span> <span class='ocrx_word' id='word_1_97' title='bbox 1020 1629 1125 1690; x_wconf 81' lang='lat' dir='ltr'><strong>Sancti</strong></span> <span class='ocrx_word' id='word_1_98' title='bbox 1149 1626 1321 1697; x_wconf 89' lang='lat' dir='ltr'><strong>Edmundi,</strong></span> <span class='ocrx_word' id='word_1_99' title='bbox 1342 1629 1486 1688; x_wconf 84' lang='lat' dir='ltr'><strong>omnibus</strong></span> 
     </span>
     <span class='ocr_line' id='line_1_11' title="bbox 286 1724 1486 1805; baseline 0.002 -23"><span class='ocrx_word' id='word_1_100' title='bbox 286 1725 350 1783; x_wconf 90' lang='lat' dir='ltr'><strong>suis</strong></span> <span class='ocrx_word' id='word_1_101' title='bbox 364 1729 589 1787; x_wconf 88' lang='lat' dir='ltr'><strong>successoribus</strong></span> <span class='ocrx_word' id='word_1_102' title='bbox 603 1737 634 1787; x_wconf 91' lang='lat' dir='ltr'><strong>et</strong></span> <span class='ocrx_word' id='word_1_103' title='bbox 655 1729 796 1788; x_wconf 89' lang='lat' dir='ltr'><strong>omnibus</strong></span> <span class='ocrx_word' id='word_1_104' title='bbox 815 1727 992 1786; x_wconf 89' lang='lat' dir='ltr'><strong>hominibus</strong></span> <span class='ocrx_word' id='word_1_105' title='bbox 1006 1724 1143 1805; x_wconf 88' lang='lat' dir='ltr'><strong>ejusdem</strong></span> <span class='ocrx_word' id='word_1_106' title='bbox 1159 1724 1296 1783; x_wconf 67' lang='lat' dir='ltr'><strong>ecclesiae</strong></span> <span class='ocrx_word' id='word_1_107' title='bbox 1312 1725 1439 1784; x_wconf 88' lang='lat' dir='ltr'><strong>Francis</strong></span> <span class='ocrx_word' id='word_1_108' title='bbox 1453 1732 1486 1784; x_wconf 89' lang='lat' dir='ltr'><strong>et</strong></span> 
     </span>
     <span class='ocr_line' id='line_1_12' title="bbox 288 1818 1484 1902; baseline 0.001 -24"><span class='ocrx_word' id='word_1_109' title='bbox 288 1820 403 1897; x_wconf 86' lang='lat' dir='ltr'><strong>Anglis</strong></span> <span class='ocrx_word' id='word_1_110' title='bbox 416 1825 617 1902; x_wconf 69' lang='lat' dir='ltr'><strong>praesentibus</strong></span> <span class='ocrx_word' id='word_1_111' title='bbox 632 1832 663 1884; x_wconf 90' lang='lat' dir='ltr'><strong>et</strong></span> <span class='ocrx_word' id='word_1_112' title='bbox 681 1822 928 1891; x_wconf 86' lang='lat' dir='ltr'><strong>succedentibus,</strong></span> <span class='ocrx_word' id='word_1_113' title='bbox 951 1821 1100 1880; x_wconf 80' lang='lat' dir='ltr'><strong>Salutem.</strong></span> <span class='ocrx_word' id='word_1_114' title='bbox 1155 1819 1189 1878; x_wconf 94' lang='lat' dir='ltr'>N</span> <span class='ocrx_word' id='word_1_115' title='bbox 1192 1818 1294 1878; x_wconf 88' lang='lat' dir='ltr'><strong>otilico</strong></span> <span class='ocrx_word' id='word_1_116' title='bbox 1313 1820 1399 1878; x_wconf 86' lang='lat' dir='ltr'><strong>vobis</strong></span> <span class='ocrx_word' id='word_1_117' title='bbox 1423 1840 1484 1891; x_wconf 92' lang='lat' dir='ltr'><strong>me,</strong></span> 
     </span>
     <span class='ocr_line' id='line_1_13' title="bbox 287 1915 1486 1992; baseline 0.001 -17"><span class='ocrx_word' id='word_1_118' title='bbox 287 1936 433 1978; x_wconf 88' lang='lat' dir='ltr'><strong>concessu</strong></span> <span class='ocrx_word' id='word_1_119' title='bbox 443 1922 536 1980; x_wconf 85' lang='lat' dir='ltr'><strong>totins</strong></span> <span class='ocrx_word' id='word_1_120' title='bbox 548 1930 729 1992; x_wconf 87' lang='lat' dir='ltr'><strong>conventus,</strong></span> <span class='ocrx_word' id='word_1_121' title='bbox 739 1919 924 1979; x_wconf 82' lang='lat' dir='ltr'><strong>concessisse</strong></span> <span class='ocrx_word' id='word_1_122' title='bbox 934 1917 1014 1977; x_wconf 85' lang='lat' dir='ltr'><strong>Adae</strong></span> <span class='ocrx_word' id='word_1_123' title='bbox 1026 1925 1056 1976; x_wconf 92' lang='lat' dir='ltr'><strong>et</strong></span> <span class='ocrx_word' id='word_1_124' title='bbox 1067 1915 1234 1975; x_wconf 82' lang='lat' dir='ltr'><strong>heredibus</strong></span> <span class='ocrx_word' id='word_1_125' title='bbox 1242 1916 1317 1986; x_wconf 91' lang='lat' dir='ltr'><strong>suis,</strong></span> <span class='ocrx_word' id='word_1_126' title='bbox 1328 1925 1363 1974; x_wconf 88' lang='lat' dir='ltr'><strong>ut</strong></span> <span class='ocrx_word' id='word_1_127' title='bbox 1373 1917 1486 1976; x_wconf 89' lang='lat' dir='ltr'><strong>amodo</strong></span> 
     </span>
     <span class='ocr_line' id='line_1_14' title="bbox 287 2011 1485 2095; baseline 0.002 -25"><span class='ocrx_word' id='word_1_128' title='bbox 287 2020 391 2073; x_wconf 81' lang='lat' dir='ltr'><strong>teneat</strong></span> <span class='ocrx_word' id='word_1_129' title='bbox 401 2016 696 2094; x_wconf 83' lang='lat' dir='ltr'><strong>jnrehaereditario,</strong></span> <span class='ocrx_word' id='word_1_130' title='bbox 707 2036 762 2095; x_wconf 90' lang='lat' dir='ltr'><strong>per</strong></span> <span class='ocrx_word' id='word_1_131' title='bbox 775 2015 940 2075; x_wconf 86' lang='lat' dir='ltr'><strong>servicium</strong></span> <span class='ocrx_word' id='word_1_132' title='bbox 955 2014 1046 2072; x_wconf 87' lang='lat' dir='ltr'><strong>nnius</strong></span> <span class='ocrx_word' id='word_1_133' title='bbox 1060 2011 1180 2079; x_wconf 89' lang='lat' dir='ltr'><strong>militis,</strong></span> <span class='ocrx_word' id='word_1_134' title='bbox 1195 2021 1308 2070; x_wconf 87' lang='lat' dir='ltr'><strong>terram</strong></span> <span class='ocrx_word' id='word_1_135' title='bbox 1323 2011 1362 2071; x_wconf 92' lang='lat' dir='ltr'><strong>de</strong></span> <span class='ocrx_word' id='word_1_136' title='bbox 1378 2013 1485 2072; x_wconf 87' lang='lat' dir='ltr'><strong>Koch-</strong></span> 
     </span>
     <span class='ocr_line' id='line_1_15' title="bbox 285 2109 1485 2191; baseline 0.002 -23"><span class='ocrx_word' id='word_1_137' title='bbox 285 2109 353 2169; x_wconf 86' lang='lat' dir='ltr'><strong>feld</strong></span> <span class='ocrx_word' id='word_1_138' title='bbox 375 2111 465 2171; x_wconf 87' lang='lat' dir='ltr'><strong>etde</strong></span> <span class='ocrx_word' id='word_1_139' title='bbox 491 2113 629 2172; x_wconf 88' lang='lat' dir='ltr'><strong>Lelcseie</strong></span> <span class='ocrx_word' id='word_1_140' title='bbox 651 2133 721 2172; x_wconf 91' lang='lat' dir='ltr'><strong>cum</strong></span> <span class='ocrx_word' id='word_1_141' title='bbox 743 2114 803 2171; x_wconf 91' lang='lat' dir='ltr'><strong>hiis</strong></span> <span class='ocrx_word' id='word_1_142' title='bbox 827 2132 895 2190; x_wconf 84' lang='lat' dir='ltr'><strong>quae</strong></span> <span class='ocrx_word' id='word_1_143' title='bbox 918 2111 1085 2191; x_wconf 88' lang='lat' dir='ltr'><strong>pertinent,</strong></span> <span class='ocrx_word' id='word_1_144' title='bbox 1110 2109 1238 2181; x_wconf 87' lang='lat' dir='ltr'><strong>scilicet,</strong></span> <span class='ocrx_word' id='word_1_145' title='bbox 1261 2117 1372 2168; x_wconf 85' lang='lat' dir='ltr'><strong>terram</strong></span> <span class='ocrx_word' id='word_1_146' title='bbox 1391 2131 1485 2188; x_wconf 85' lang='lat' dir='ltr'><strong>quam</strong></span> 
     </span>
     <span class='ocr_line' id='line_1_16' title="bbox 287 2207 1488 2288; baseline 0.002 -23"><span class='ocrx_word' id='word_1_147' title='bbox 287 2215 375 2285; x_wconf 85' lang='lat' dir='ltr'><strong>pater</strong></span> <span class='ocrx_word' id='word_1_148' title='bbox 388 2228 461 2266; x_wconf 88' lang='lat' dir='ltr'><strong>suns</strong></span> <span class='ocrx_word' id='word_1_149' title='bbox 475 2210 575 2269; x_wconf 85' lang='lat' dir='ltr'><strong>tenuit</strong></span> <span class='ocrx_word' id='word_1_150' title='bbox 589 2210 640 2268; x_wconf 94' lang='lat' dir='ltr'><strong>die</strong></span> <span class='ocrx_word' id='word_1_151' title='bbox 653 2230 714 2288; x_wconf 92' lang='lat' dir='ltr'><strong>qua</strong></span> <span class='ocrx_word' id='word_1_152' title='bbox 727 2210 816 2268; x_wconf 85' lang='lat' dir='ltr'><strong>rivus</strong></span> <span class='ocrx_word' id='word_1_153' title='bbox 829 2218 861 2268; x_wconf 92' lang='lat' dir='ltr'><strong>et</strong></span> <span class='ocrx_word' id='word_1_154' title='bbox 873 2217 1011 2267; x_wconf 86' lang='lat' dir='ltr'><strong>mortuns</strong></span> <span class='ocrx_word' id='word_1_155' title='bbox 1025 2207 1137 2276; x_wconf 82' lang='lat' dir='ltr'><strong>lucrat,</strong></span> <span class='ocrx_word' id='word_1_156' title='bbox 1152 2215 1183 2264; x_wconf 93' lang='lat' dir='ltr'><strong>et</strong></span> <span class='ocrx_word' id='word_1_157' title='bbox 1202 2207 1281 2266; x_wconf 89' lang='lat' dir='ltr'><strong>sicut</strong></span> <span class='ocrx_word' id='word_1_158' title='bbox 1300 2209 1488 2286; x_wconf 82' lang='lat' dir='ltr'><strong>jnraverunt</strong></span> 
     </span>
     <span class='ocr_line' id='line_1_17' title="bbox 288 2302 1486 2381; baseline 0.002 -21"><span class='ocrx_word' id='word_1_159' title='bbox 288 2310 320 2360; x_wconf 92' lang='lat' dir='ltr'><strong>et</strong></span> <span class='ocrx_word' id='word_1_160' title='bbox 344 2302 499 2361; x_wconf 85' lang='lat' dir='ltr'><strong>testificati</strong></span> <span class='ocrx_word' id='word_1_161' title='bbox 519 2303 645 2363; x_wconf 84' lang='lat' dir='ltr'><strong>luerunt</strong></span> <span class='ocrx_word' id='word_1_162' title='bbox 664 2304 805 2363; x_wconf 86' lang='lat' dir='ltr'><strong>homines</strong></span> <span class='ocrx_word' id='word_1_163' title='bbox 830 2303 938 2363; x_wconf 84' lang='lat' dir='ltr'><strong>Sancti</strong></span> <span class='ocrx_word' id='word_1_164' title='bbox 967 2302 1125 2362; x_wconf 88' lang='lat' dir='ltr'><strong>Edmundi</strong></span> <span class='ocrx_word' id='word_1_165' title='bbox 1151 2303 1345 2361; x_wconf 90' lang='lat' dir='ltr'><strong>Lemmerum</strong></span> <span class='ocrx_word' id='word_1_166' title='bbox 1365 2312 1486 2381; x_wconf 83' lang='lat' dir='ltr'><strong>patrem</strong></span> 
     </span>
     <span class='ocr_line' id='line_1_18' title="bbox 288 2397 1487 2478; baseline 0.003 -23"><span class='ocrx_word' id='word_1_167' title='bbox 288 2397 375 2456; x_wconf 90' lang='lat' dir='ltr'><strong>illius</strong></span> <span class='ocrx_word' id='word_1_168' title='bbox 388 2397 532 2457; x_wconf 86' lang='lat' dir='ltr'><strong>habuisse</strong></span> <span class='ocrx_word' id='word_1_169' title='bbox 549 2399 601 2458; x_wconf 90' lang='lat' dir='ltr'><strong>die</strong></span> <span class='ocrx_word' id='word_1_170' title='bbox 622 2420 683 2478; x_wconf 91' lang='lat' dir='ltr'><strong>qua</strong></span> <span class='ocrx_word' id='word_1_171' title='bbox 697 2400 800 2458; x_wconf 81' lang='lat' dir='ltr'><strong>suerat</strong></span> <span class='ocrx_word' id='word_1_172' title='bbox 814 2400 901 2457; x_wconf 85' lang='lat' dir='ltr'><strong>vivus</strong></span> <span class='ocrx_word' id='word_1_173' title='bbox 916 2406 947 2457; x_wconf 91' lang='lat' dir='ltr'><strong>et</strong></span> <span class='ocrx_word' id='word_1_174' title='bbox 961 2407 1110 2467; x_wconf 89' lang='lat' dir='ltr'><strong>mortuns,</strong></span> <span class='ocrx_word' id='word_1_175' title='bbox 1126 2398 1158 2455; x_wconf 92' lang='lat' dir='ltr'><strong>in</strong></span> <span class='ocrx_word' id='word_1_176' title='bbox 1178 2398 1340 2476; x_wconf 84' lang='lat' dir='ltr'><strong>praesentia</strong></span> <span class='ocrx_word' id='word_1_177' title='bbox 1357 2399 1487 2459; x_wconf 89' lang='lat' dir='ltr'><strong>Domini</strong></span> 
     </span>
     <span class='ocr_line' id='line_1_19' title="bbox 287 2492 1486 2573; baseline -0.004 -20"><span class='ocrx_word' id='word_1_178' title='bbox 287 2493 430 2553; x_wconf 79' lang='lat' dir='ltr'><strong>&#39;l&#39;aleboti</strong></span> <span class='ocrx_word' id='word_1_179' title='bbox 445 2496 567 2573; x_wconf 90' lang='lat' dir='ltr'><strong>prioris,</strong></span> <span class='ocrx_word' id='word_1_180' title='bbox 582 2497 793 2556; x_wconf 85' lang='lat' dir='ltr'><strong>assistentibus</strong></span> <span class='ocrx_word' id='word_1_181' title='bbox 806 2495 964 2554; x_wconf 87' lang='lat' dir='ltr'><strong>monachis</strong></span> <span class='ocrx_word' id='word_1_182' title='bbox 980 2492 1145 2553; x_wconf 91' lang='lat' dir='ltr'><strong>Eadnotho</strong></span> <span class='ocrx_word' id='word_1_183' title='bbox 1161 2502 1192 2552; x_wconf 91' lang='lat' dir='ltr'><strong>et</strong></span> <span class='ocrx_word' id='word_1_184' title='bbox 1207 2493 1318 2554; x_wconf 90' lang='lat' dir='ltr'><strong>Siredo</strong></span> <span class='ocrx_word' id='word_1_185' title='bbox 1339 2503 1370 2553; x_wconf 90' lang='lat' dir='ltr'><strong>et</strong></span> <span class='ocrx_word' id='word_1_186' title='bbox 1391 2494 1486 2554; x_wconf 84' lang='lat' dir='ltr'><strong>wul.</strong></span> 
     </span>
     <span class='ocr_line' id='line_1_20' title="bbox 288 2586 1488 2667; baseline 0.004 -22"><span class='ocrx_word' id='word_1_187' title='bbox 288 2586 365 2646; x_wconf 83' lang='lat' dir='ltr'><strong>frico</strong></span> <span class='ocrx_word' id='word_1_188' title='bbox 380 2596 411 2646; x_wconf 86' lang='lat' dir='ltr'><strong>et</strong></span> <span class='ocrx_word' id='word_1_189' title='bbox 426 2588 570 2666; x_wconf 85' lang='lat' dir='ltr'><strong>Ordingo</strong></span> <span class='ocrx_word' id='word_1_190' title='bbox 589 2600 619 2649; x_wconf 93' lang='lat' dir='ltr'><strong>et</strong></span> <span class='ocrx_word' id='word_1_191' title='bbox 635 2590 813 2649; x_wconf 87' lang='lat' dir='ltr'><strong>Gotcellino</strong></span> <span class='ocrx_word' id='word_1_192' title='bbox 828 2599 858 2649; x_wconf 93' lang='lat' dir='ltr'><strong>et</strong></span> <span class='ocrx_word' id='word_1_193' title='bbox 872 2590 1033 2649; x_wconf 88' lang='lat' dir='ltr'><strong>Wlwardo</strong></span> <span class='ocrx_word' id='word_1_194' title='bbox 1047 2590 1161 2648; x_wconf 91' lang='lat' dir='ltr'><strong>clerico</strong></span> <span class='ocrx_word' id='word_1_195' title='bbox 1175 2597 1206 2648; x_wconf 90' lang='lat' dir='ltr'><strong>et</strong></span> <span class='ocrx_word' id='word_1_196' title='bbox 1223 2589 1361 2667; x_wconf 89' lang='lat' dir='ltr'><strong>Rogerio</strong></span> <span class='ocrx_word' id='word_1_197' title='bbox 1382 2592 1488 2651; x_wconf 90' lang='lat' dir='ltr'><strong>Debili</strong></span> 
     </span>
     <span class='ocr_line' id='line_1_21' title="bbox 289 2669 1488 2765; baseline 0.005 -23"><span class='ocrx_word' id='word_1_198' title='bbox 289 2691 320 2742; x_wconf 92' lang='lat' dir='ltr'><strong>et</strong></span> <span class='ocrx_word' id='word_1_199' title='bbox 342 2684 484 2744; x_wconf 89' lang='lat' dir='ltr'><strong>Osberno</strong></span> <span class='ocrx_word' id='word_1_200' title='bbox 506 2685 546 2744; x_wconf 89' lang='lat' dir='ltr'><strong>de</strong></span> <span class='ocrx_word' id='word_1_201' title='bbox 569 2686 681 2745; x_wconf 91' lang='lat' dir='ltr'><strong>Mellet</strong></span> <span class='ocrx_word' id='word_1_202' title='bbox 701 2695 732 2745; x_wconf 90' lang='lat' dir='ltr'><strong>et</strong></span> <span class='ocrx_word' id='word_1_203' title='bbox 754 2687 920 2765; x_wconf 86' lang='lat' dir='ltr'><strong>Egelmero</strong></span> <span class='ocrx_word' id='word_1_204' title='bbox 941 2687 979 2746; x_wconf 88' lang='lat' dir='ltr'><strong>de</strong></span> <span class='ocrx_word' id='word_1_205' title='bbox 1002 2686 1210 2746; x_wconf 84' lang='lat' dir='ltr'><strong>Wheterseld.</strong></span> <span class='ocrx_word' id='word_1_206' title='bbox 1232 2669 1300 2747; x_wconf 56' lang='lat' dir='ltr'><strong>,Et</strong></span> <span class='ocrx_word' id='word_1_207' title='bbox 1321 2696 1355 2747; x_wconf 92' lang='lat' dir='ltr'><strong>nt</strong></span> <span class='ocrx_word' id='word_1_208' title='bbox 1376 2690 1488 2748; x_wconf 88' lang='lat' dir='ltr'><strong>melius</strong></span> 
     </span>
     <span class='ocr_line' id='line_1_22' title="bbox 289 2778 1488 2865; baseline 0.006 -27"><span class='ocrx_word' id='word_1_209' title='bbox 289 2778 499 2859; x_wconf 86' lang='lat' dir='ltr'><strong>possitfacere</strong></span> <span class='ocrx_word' id='word_1_210' title='bbox 512 2779 552 2840; x_wconf 90' lang='lat' dir='ltr'><strong>de</strong></span> <span class='ocrx_word' id='word_1_211' title='bbox 566 2780 713 2859; x_wconf 87' lang='lat' dir='ltr'><strong>predictis</strong></span> <span class='ocrx_word' id='word_1_212' title='bbox 728 2782 818 2840; x_wconf 89' lang='lat' dir='ltr'><strong>terris</strong></span> <span class='ocrx_word' id='word_1_213' title='bbox 839 2783 996 2841; x_wconf 89' lang='lat' dir='ltr'><strong>servitium</strong></span> <span class='ocrx_word' id='word_1_214' title='bbox 1018 2783 1112 2841; x_wconf 88' lang='lat' dir='ltr'><strong>unius</strong></span> <span class='ocrx_word' id='word_1_215' title='bbox 1133 2783 1252 2852; x_wconf 90' lang='lat' dir='ltr'><strong>militis,</strong></span> <span class='ocrx_word' id='word_1_216' title='bbox 1273 2783 1347 2843; x_wconf 92' lang='lat' dir='ltr'><strong>dedi</strong></span> <span class='ocrx_word' id='word_1_217' title='bbox 1368 2786 1409 2855; x_wconf 90' lang='lat' dir='ltr'><strong>ei,</strong></span> <span class='ocrx_word' id='word_1_218' title='bbox 1430 2806 1488 2865; x_wconf 90' lang='lat' dir='ltr'><strong>per</strong></span> 
     </span>
     <span class='ocr_line' id='line_1_23' title="bbox 287 2875 1485 2963; baseline 0.003 -26"><span class='ocrx_word' id='word_1_219' title='bbox 287 2895 467 2937; x_wconf 88' lang='lat' dir='ltr'><strong>concessum</strong></span> <span class='ocrx_word' id='word_1_220' title='bbox 475 2875 616 2955; x_wconf 83' lang='lat' dir='ltr'><strong>praedicti</strong></span> <span class='ocrx_word' id='word_1_221' title='bbox 628 2885 807 2947; x_wconf 86' lang='lat' dir='ltr'><strong>conventus,</strong></span> <span class='ocrx_word' id='word_1_222' title='bbox 818 2877 856 2936; x_wconf 90' lang='lat' dir='ltr'><strong>ad</strong></span> <span class='ocrx_word' id='word_1_223' title='bbox 868 2886 1088 2948; x_wconf 87' lang='lat' dir='ltr'><strong>aeramentum,</strong></span> <span class='ocrx_word' id='word_1_224' title='bbox 1104 2899 1121 2936; x_wconf 89' lang='lat' dir='ltr'>v</span> <span class='ocrx_word' id='word_1_225' title='bbox 1136 2879 1180 2937; x_wconf 89' lang='lat' dir='ltr'><strong>sol</strong></span> <span class='ocrx_word' id='word_1_226' title='bbox 1186 2877 1380 2939; x_wconf 81' lang='lat' dir='ltr'><strong>idatasterrae</strong></span> <span class='ocrx_word' id='word_1_227' title='bbox 1395 2890 1426 2940; x_wconf 92' lang='lat' dir='ltr'><strong>et</strong></span> <span class='ocrx_word' id='word_1_228' title='bbox 1440 2883 1485 2963; x_wconf 90' lang='lat' dir='ltr'><strong>iiij</strong></span> 
     </span>
     <span class='ocr_line' id='line_1_24' title="bbox 289 2971 1489 3042; baseline 0.006 -11"><span class='ocrx_word' id='word_1_229' title='bbox 289 2971 463 3031; x_wconf 86' lang='lat' dir='ltr'><strong>denariatas</strong></span> <span class='ocrx_word' id='word_1_230' title='bbox 484 2981 586 3042; x_wconf 72' lang='lat' dir='ltr'><strong>terrae,</strong></span> <span class='ocrx_word' id='word_1_231' title='bbox 608 2972 710 3032; x_wconf 86' lang='lat' dir='ltr'><strong>silicet</strong></span> <span class='ocrx_word' id='word_1_232' title='bbox 730 2973 888 3032; x_wconf 88' lang='lat' dir='ltr'><strong>servitium</strong></span> <span class='ocrx_word' id='word_1_233' title='bbox 910 2972 949 3031; x_wconf 88' lang='lat' dir='ltr'><strong>de</strong></span> <span class='ocrx_word' id='word_1_234' title='bbox 973 2981 1054 3031; x_wconf 88' lang='lat' dir='ltr'><strong>terra</strong></span> <span class='ocrx_word' id='word_1_235' title='bbox 1074 2974 1201 3033; x_wconf 83' lang='lat' dir='ltr'><strong>Aistani</strong></span> <span class='ocrx_word' id='word_1_236' title='bbox 1228 2974 1267 3033; x_wconf 85' lang='lat' dir='ltr'><strong>de</strong></span> <span class='ocrx_word' id='word_1_237' title='bbox 1295 2976 1436 3036; x_wconf 85' lang='lat' dir='ltr'><strong>Leleseia</strong></span> <span class='ocrx_word' id='word_1_238' title='bbox 1457 2989 1489 3038; x_wconf 89' lang='lat' dir='ltr'><strong>et</strong></span> 
     </span>
     <span class='ocr_line' id='line_1_25' title="bbox 290 3067 1489 3150; baseline 0.006 -23"><span class='ocrx_word' id='word_1_239' title='bbox 290 3070 448 3128; x_wconf 82' lang='lat' dir='ltr'><strong>servitium</strong></span> <span class='ocrx_word' id='word_1_240' title='bbox 462 3069 510 3127; x_wconf 86' lang='lat' dir='ltr'><strong>avi</strong></span> <span class='ocrx_word' id='word_1_241' title='bbox 524 3068 572 3126; x_wconf 90' lang='lat' dir='ltr'><strong>sui</strong></span> <span class='ocrx_word' id='word_1_242' title='bbox 587 3067 714 3127; x_wconf 85' lang='lat' dir='ltr'><strong>Wllrici</strong></span> <span class='ocrx_word' id='word_1_243' title='bbox 729 3067 768 3126; x_wconf 90' lang='lat' dir='ltr'><strong>de</strong></span> <span class='ocrx_word' id='word_1_244' title='bbox 784 3069 935 3128; x_wconf 87' lang='lat' dir='ltr'><strong>Grotene.</strong></span> <span class='ocrx_word' id='word_1_245' title='bbox 980 3069 1023 3127; x_wconf 88' lang='lat' dir='ltr'><strong>Et</strong></span> <span class='ocrx_word' id='word_1_246' title='bbox 1037 3069 1106 3127; x_wconf 86' lang='lat' dir='ltr'><strong>volo</strong></span> <span class='ocrx_word' id='word_1_247' title='bbox 1123 3079 1154 3129; x_wconf 92' lang='lat' dir='ltr'><strong>et</strong></span> <span class='ocrx_word' id='word_1_248' title='bbox 1168 3071 1315 3150; x_wconf 88' lang='lat' dir='ltr'><strong>precipio,</strong></span> <span class='ocrx_word' id='word_1_249' title='bbox 1329 3081 1365 3131; x_wconf 87' lang='lat' dir='ltr'><strong>nt</strong></span> <span class='ocrx_word' id='word_1_250' title='bbox 1387 3073 1443 3133; x_wconf 95' lang='lat' dir='ltr'><strong>ille</strong></span> <span class='ocrx_word' id='word_1_251' title='bbox 1457 3084 1489 3134; x_wconf 88' lang='lat' dir='ltr'><strong>et</strong></span> 
     </span>
     <span class='ocr_line' id='line_1_26' title="bbox 291 3165 1488 3249; baseline 0.005 -25"><span class='ocrx_word' id='word_1_252' title='bbox 291 3182 364 3226; x_wconf 83' lang='lat' dir='ltr'><strong>suus</strong></span> <span class='ocrx_word' id='word_1_253' title='bbox 379 3166 477 3224; x_wconf 82' lang='lat' dir='ltr'><strong>haeres</strong></span> <span class='ocrx_word' id='word_1_254' title='bbox 499 3166 541 3224; x_wconf 83' lang='lat' dir='ltr'><strong>ita</strong></span> <span class='ocrx_word' id='word_1_255' title='bbox 563 3173 666 3223; x_wconf 90' lang='lat' dir='ltr'><strong>teneat</strong></span> <span class='ocrx_word' id='word_1_256' title='bbox 687 3165 765 3224; x_wconf 88' lang='lat' dir='ltr'><strong>bene</strong></span> <span class='ocrx_word' id='word_1_257' title='bbox 786 3174 818 3224; x_wconf 90' lang='lat' dir='ltr'><strong>et</strong></span> <span class='ocrx_word' id='word_1_258' title='bbox 838 3166 869 3224; x_wconf 93' lang='lat' dir='ltr'><strong>in</strong></span> <span class='ocrx_word' id='word_1_259' title='bbox 892 3184 965 3245; x_wconf 90' lang='lat' dir='ltr'><strong>pace</strong></span> <span class='ocrx_word' id='word_1_260' title='bbox 987 3174 1019 3224; x_wconf 89' lang='lat' dir='ltr'><strong>et</strong></span> <span class='ocrx_word' id='word_1_261' title='bbox 1038 3167 1205 3227; x_wconf 88' lang='lat' dir='ltr'><strong>honorilice</strong></span> <span class='ocrx_word' id='word_1_262' title='bbox 1220 3168 1311 3228; x_wconf 87' lang='lat' dir='ltr'><strong>sicuti</strong></span> <span class='ocrx_word' id='word_1_263' title='bbox 1325 3170 1372 3228; x_wconf 89' lang='lat' dir='ltr'><strong>sui</strong></span> <span class='ocrx_word' id='word_1_264' title='bbox 1386 3176 1488 3249; x_wconf 87' lang='lat' dir='ltr'><strong>pa‘res,</strong></span> 
     </span>
     <span class='ocr_line' id='line_1_27' title="bbox 291 3259 1488 3329; baseline 0.008 -10"><span class='ocrx_word' id='word_1_265' title='bbox 291 3260 449 3328; x_wconf 81' lang='lat' dir='ltr'><strong>videlicet,</strong></span> <span class='ocrx_word' id='word_1_266' title='bbox 471 3259 585 3318; x_wconf 89' lang='lat' dir='ltr'><strong>milites</strong></span> <span class='ocrx_word' id='word_1_267' title='bbox 608 3260 753 3319; x_wconf 83' lang='lat' dir='ltr'><strong>Abbatiae</strong></span> <span class='ocrx_word' id='word_1_268' title='bbox 782 3269 899 3321; x_wconf 88' lang='lat' dir='ltr'><strong>tenent.</strong></span> <span class='ocrx_word' id='word_1_269' title='bbox 946 3262 987 3321; x_wconf 86' lang='lat' dir='ltr'><strong>Et</strong></span> <span class='ocrx_word' id='word_1_270' title='bbox 1008 3262 1041 3320; x_wconf 95' lang='lat' dir='ltr'><strong>hi</strong></span> <span class='ocrx_word' id='word_1_271' title='bbox 1066 3273 1137 3322; x_wconf 88' lang='lat' dir='ltr'><strong>sunt</strong></span> <span class='ocrx_word' id='word_1_272' title='bbox 1165 3272 1278 3324; x_wconf 88' lang='lat' dir='ltr'><strong>testes:</strong></span> <span class='ocrx_word' id='word_1_273' title='bbox 1307 3266 1488 3329; x_wconf 86' lang='lat' dir='ltr'><strong>Wlwardus</strong></span> 
     </span>
     <span class='ocr_line' id='line_1_28' title="bbox 291 3352 1488 3441; baseline 0.008 -28"><span class='ocrx_word' id='word_1_274' title='bbox 291 3354 422 3432; x_wconf 78' lang='lat' dir='ltr'><strong>dapifer,</strong></span> <span class='ocrx_word' id='word_1_275' title='bbox 438 3354 475 3410; x_wconf 86' lang='lat' dir='ltr'>W</span> <span class='ocrx_word' id='word_1_276' title='bbox 479 3352 614 3411; x_wconf 87' lang='lat' dir='ltr'><strong>illelmus</strong></span> <span class='ocrx_word' id='word_1_277' title='bbox 623 3353 705 3411; x_wconf 86' lang='lat' dir='ltr'><strong>tilius</strong></span> <span class='ocrx_word' id='word_1_278' title='bbox 719 3355 749 3414; x_wconf 85' lang='lat' dir='ltr'>A</span> <span class='ocrx_word' id='word_1_279' title='bbox 754 3355 835 3430; x_wconf 83' lang='lat' dir='ltr'><strong>geh&#39;,</strong></span> <span class='ocrx_word' id='word_1_280' title='bbox 848 3355 992 3414; x_wconf 88' lang='lat' dir='ltr'><strong>Salomon</strong></span> <span class='ocrx_word' id='word_1_281' title='bbox 1008 3357 1151 3429; x_wconf 87' lang='lat' dir='ltr'><strong>clericus,</strong></span> <span class='ocrx_word' id='word_1_282' title='bbox 1164 3360 1315 3420; x_wconf 87' lang='lat' dir='ltr'><strong>Wlfricns</strong></span> <span class='ocrx_word' id='word_1_283' title='bbox 1324 3365 1488 3441; x_wconf 77' lang='lat' dir='ltr'><strong>presbiter,</strong></span> 
     </span>
     <span class='ocr_line' id='line_1_29' title="bbox 292 3448 1489 3529; baseline 0.012 -23"><span class='ocrx_word' id='word_1_284' title='bbox 292 3448 474 3507; x_wconf 88' lang='lat' dir='ltr'><strong>Willelmus</strong></span> <span class='ocrx_word' id='word_1_285' title='bbox 502 3449 653 3526; x_wconf 86' lang='lat' dir='ltr'><strong>presbiter</strong></span> <span class='ocrx_word' id='word_1_286' title='bbox 674 3449 713 3507; x_wconf 91' lang='lat' dir='ltr'><strong>de</strong></span> <span class='ocrx_word' id='word_1_287' title='bbox 737 3449 951 3522; x_wconf 86' lang='lat' dir='ltr'><strong>Pachenham,</strong></span> <span class='ocrx_word' id='word_1_288' title='bbox 976 3453 1171 3514; x_wconf 87' lang='lat' dir='ltr'><strong>Herebertus</strong></span> <span class='ocrx_word' id='word_1_289' title='bbox 1193 3458 1337 3529; x_wconf 88' lang='lat' dir='ltr'><strong>clericus,</strong></span> <span class='ocrx_word' id='word_1_290' title='bbox 1365 3468 1397 3518; x_wconf 92' lang='lat' dir='ltr'><strong>et</strong></span> <span class='ocrx_word' id='word_1_291' title='bbox 1423 3462 1489 3521; x_wconf 91' lang='lat' dir='ltr'><strong>alii.</strong></span> 
     </span>
    </p>
   </div>
   <div class='ocr_carea' id='block_1_4' title="bbox 292 3545 1493 3722">
    <p class='ocr_par' dir='ltr' id='par_1_4' title="bbox 292 3545 1493 3722">
     <span class='ocr_line' id='line_1_30' title="bbox 292 3545 1493 3635; baseline 0.012 -30"><span class='ocrx_word' id='word_1_292' title='bbox 292 3545 403 3625; x_wconf 79' lang='lat' dir='ltr'><strong>(Liber</strong></span> <span class='ocrx_word' id='word_1_293' title='bbox 424 3545 588 3614; x_wconf 86' lang='lat' dir='ltr'><strong>Celerarii‚</strong></span> <span class='ocrx_word' id='word_1_294' title='bbox 611 3545 684 3605; x_wconf 92' lang='lat' dir='ltr'><strong>Bib.</strong></span> <span class='ocrx_word' id='word_1_295' title='bbox 713 3546 795 3606; x_wconf 88' lang='lat' dir='ltr'><strong>Pub.</strong></span> <span class='ocrx_word' id='word_1_296' title='bbox 820 3548 950 3608; x_wconf 82' lang='lat' dir='ltr'><strong>Cantab.</strong></span> <span class='ocrx_word' id='word_1_297' title='bbox 968 3551 1010 3608; x_wconf 83' lang='lat' dir='ltr'><strong>G.</strong></span> <span class='ocrx_word' id='word_1_298' title='bbox 1031 3567 1064 3612; x_wconf 84' lang='lat' dir='ltr'><strong>o.</strong></span> <span class='ocrx_word' id='word_1_299' title='bbox 1084 3560 1116 3623; x_wconf 79' lang='lat'><strong>4,</strong></span> <span class='ocrx_word' id='word_1_300' title='bbox 1141 3559 1172 3624; x_wconf 81' lang='lat'><strong>4,</strong></span> <span class='ocrx_word' id='word_1_301' title='bbox 1186 3555 1241 3614; x_wconf 88' lang='lat' dir='ltr'><strong>fol.</strong></span> <span class='ocrx_word' id='word_1_302' title='bbox 1256 3561 1328 3618; x_wconf 78' lang='lat'><strong>³96.</strong></span> <span class='ocrx_word' id='word_1_303' title='bbox 1365 3557 1493 3635; x_wconf 82' lang='lat' dir='ltr'><strong>Regist.</strong></span> 
     </span>
     <span class='ocr_line' id='line_1_31' title="bbox 293 3638 959 3722; baseline 0.003 -21"><span class='ocrx_word' id='word_1_304' title='bbox 293 3642 420 3701; x_wconf 85' lang='lat' dir='ltr'><strong>Thomae</strong></span> <span class='ocrx_word' id='word_1_305' title='bbox 434 3640 503 3698; x_wconf 89' lang='lat' dir='ltr'><strong>abb.</strong></span> <span class='ocrx_word' id='word_1_306' title='bbox 520 3638 593 3698; x_wconf 89' lang='lat' dir='ltr'><strong>MS.</strong></span> <span class='ocrx_word' id='word_1_307' title='bbox 609 3638 703 3699; x_wconf 83' lang='lat' dir='ltr'><strong>Harl.</strong></span> <span class='ocrx_word' id='word_1_308' title='bbox 718 3648 790 3711; x_wconf 77' lang='lat'><strong>230,</strong></span> <span class='ocrx_word' id='word_1_309' title='bbox 805 3641 859 3700; x_wconf 88' lang='lat' dir='ltr'><strong>fol.</strong></span> <span class='ocrx_word' id='word_1_310' title='bbox 874 3642 959 3722; x_wconf 89' lang='grc'><strong>101.)</strong></span> 
     </span>
    </p>
   </div>
   <div class='ocr_carea' id='block_1_5' title="bbox 294 3824 1494 4017">
    <p class='ocr_par' dir='ltr' id='par_1_5' title="bbox 294 3824 1494 4017">
     <span class='ocr_line' id='line_1_32' title="bbox 335 3824 1492 3920; baseline 0.011 -28"><span class='ocrx_word' id='word_1_311' title='bbox 335 3824 377 3892; x_wconf 80' lang='lat' dir='ltr'><strong>In¹</strong></span> <span class='ocrx_word' id='word_1_312' title='bbox 388 3833 440 3891; x_wconf 93' lang='lat' dir='ltr'><strong>the</strong></span> <span class='ocrx_word' id='word_1_313' title='bbox 454 3832 509 3893; x_wconf 83' lang='lat' dir='ltr'><strong>ath</strong></span> <span class='ocrx_word' id='word_1_314' title='bbox 525 3831 620 3893; x_wconf 89' lang='lat' dir='ltr'><strong>Rich.</strong></span> <span class='ocrx_word' id='word_1_315' title='bbox 634 3831 663 3891; x_wconf 94' lang='lat' dir='ltr'><strong>I.</strong></span> <span class='ocrx_word' id='word_1_316' title='bbox 676 3831 780 3891; x_wconf 84' lang='lat' dir='ltr'><strong>Adam</strong></span> <span class='ocrx_word' id='word_1_317' title='bbox 791 3832 830 3891; x_wconf 91' lang='lat' dir='ltr'><strong>de</strong></span> <span class='ocrx_word' id='word_1_318' title='bbox 840 3833 1002 3906; x_wconf 87' lang='lat' dir='ltr'><strong>Cokefeld,</strong></span> <span class='ocrx_word' id='word_1_319' title='bbox 1012 3857 1066 3896; x_wconf 90' lang='lat' dir='ltr'><strong>son</strong></span> <span class='ocrx_word' id='word_1_320' title='bbox 1076 3838 1110 3897; x_wconf 89' lang='lat' dir='ltr'><strong>of</strong></span> <span class='ocrx_word' id='word_1_321' title='bbox 1123 3838 1254 3912; x_wconf 87' lang='lat' dir='ltr'><strong>Robert,</strong></span> <span class='ocrx_word' id='word_1_322' title='bbox 1264 3842 1325 3901; x_wconf 90' lang='lat' dir='ltr'><strong>and</strong></span> <span class='ocrx_word' id='word_1_323' title='bbox 1335 3844 1492 3920; x_wconf 84' lang='lat' dir='ltr'><strong>grandson-</strong></span> 
     </span>
     <span class='ocr_line' id='line_1_33' title="bbox 294 3927 1494 4017; baseline 0.008 -27"><span class='ocrx_word' id='word_1_324' title='bbox 294 3928 328 3990; x_wconf 89' lang='lat' dir='ltr'><strong>ol</strong></span> <span class='ocrx_word' id='word_1_325' title='bbox 339 3929 391 3988; x_wconf 90' lang='lat' dir='ltr'><strong>the</strong></span> <span class='ocrx_word' id='word_1_326' title='bbox 404 3928 635 3990; x_wconf 78' lang='lat' dir='ltr'><strong>before-named</strong></span> <span class='ocrx_word' id='word_1_327' title='bbox 650 3927 767 3998; x_wconf 86' lang='lat' dir='ltr'><strong>Adam,</strong></span> <span class='ocrx_word' id='word_1_328' title='bbox 782 3929 959 3991; x_wconf 86' lang='lat' dir='ltr'><strong>acknowlcd</strong></span> <span class='ocrx_word' id='word_1_329' title='bbox 963 3933 1023 4009; x_wconf 86' lang='lat' dir='ltr'><strong>god</strong></span> <span class='ocrx_word' id='word_1_330' title='bbox 1038 3935 1141 3995; x_wconf 84' lang='lat' dir='ltr'><strong>before</strong></span> <span class='ocrx_word' id='word_1_331' title='bbox 1155 3936 1207 3996; x_wconf 90' lang='lat' dir='ltr'><strong>the</strong></span> <span class='ocrx_word' id='word_1_332' title='bbox 1222 3939 1336 4017; x_wconf 82' lang='lat' dir='ltr'><strong>King’s</strong></span> <span class='ocrx_word' id='word_1_333' title='bbox 1353 3941 1494 4002; x_wconf 85' lang='lat' dir='ltr'><strong>Justioes</strong></span> 
     </span>
    </p>
   </div>
   <div class='ocr_carea' id='block_1_6' title="bbox 0 0 1800 4898">
    <p class='ocr_par' dir='ltr' id='par_1_6' title="bbox 0 0 1800 4898">
     <span class='ocr_line' id='line_1_34' title="bbox 0 0 1800 4898; baseline 0 0"><span class='ocrx_word' id='word_1_334' title='bbox 0 0 1800 4898; x_wconf 95' lang='lat' dir='ltr'><strong> </strong></span> 
     </span>
    </p>
   </div>
  </div>
 </body>
</html>
