3556 4898
406 507 450 565 66
652 514 816 561 cronica
837 512 1009 559 Jocsmau
1033 512 1082 556 nr
1104 508 1372 555 saasrsorrnri.

407 670 630 749 comederunt,
644 669 686 735 de
700 689 840 755 quorum
854 663 1122 742 comestionibus,
1143 663 1174 728 si
1196 663 1272 747 quis
1297 659 1510 748 loquebatur,
1523 657 1614 744 qussi

408 797 484 842 reus
499 774 566 839 lese
580 772 758 857 majestatis
773 769 985 834 habebatur.''
1014 767 1155 833 Dicebat
1167 767 1261 846 alius,
1274 766 1416 830 tendens
1440 763 1484 826 sd
1508 762 1613 827 sidera

410 878 572 965 palmas':
587 880 609 913 ‘⁴
619 875 817 939 Benedictus
827 874 920 937 Deus
935 872 991 958 qui
1005 871 1097 935 dedit
1109 871 1208 934 talem
1221 870 1427 934 volunutem
1441 867 1566 945 abbati,
1575 878 1613 932 ut

411 982 489 1045 talia
501 978 672 1063 corrigat'’
716 977 762 1041 Et
775 976 928 1043 dicebant
949 975 1105 1061 plerique,
1126 973 1202 1059 quia
1219 972 1304 1037 bene
1325 981 1390 1037 est.
1431 972 1503 1036 Alii
1527 973 1611 1036 dioe-

411 1086 492 1149 bant
507 1104 584 1159 non,
599 1080 697 1145 talem
712 1079 976 1143 emendacionem
992 1077 1127 1142 honoris
1150 1075 1394 1162 depressionem
1407 1075 1611 1152 estimantes,

412 1200 447 1254 et
471 1185 705 1253 discrecionem
737 1181 865 1246 abbatis
895 1181 1055 1244 feritatem
1080 1179 1150 1264 lupi
1171 1178 1385 1265 appellantes,
1412 1177 1610 1242 revocabant

413 1312 530 1377 nempe
546 1287 588 1353 ad
607 1286 797 1352 memoriam
813 1284 947 1369 antiqua
966 1282 1103 1360 somnia,
1118 1282 1240 1346 scilieet
1258 1280 1347 1367 quod
1363 1281 1497 1346 futurus
1510 1281 1609 1347 abbas

412 1394 531 1459 seviret
539 1403 577 1457 ut
585 1392 694 1477 lupus.
739 1388 948 1454 Mirabantur
958 1386 1089 1464 milites,
1098 1384 1425 1470 mirsbaturpopolns
1436 1387 1609 1471 superbiis

411 1520 474 1585 que
489 1495 664 1574 fiebant‚et
675 1491 929 1577 dicebataliquis
944 1489 978 1553 in
990 1487 1103 1574 plebe:
1119 1491 1141 1523 “
1151 1487 1437 1573 Mirumestqnod
1448 1490 1610 1569 monachi,

410 1612 462 1666 tot
475 1612 509 1667 et
523 1598 641 1664 literati
656 1597 728 1677 riri,
743 1597 908 1661 sustinent
921 1615 973 1658 res
985 1603 1019 1658 et
1032 1591 1179 1656 redditus
1187 1591 1343 1656 confundi
1355 1601 1392 1656 et
1404 1593 1609 1658 commisceri

410 1726 486 1769 cum
501 1702 599 1768 rebus
613 1700 741 1765 abbatis
750 1725 761 1777 3
782 1720 845 1784 que
861 1717 989 1782 semper
1003 1693 1152 1760 solebant
1175 1693 1331 1778 distingui
1349 1704 1385 1760 et
1406 1695 1449 1760 ab
1472 1696 1610 1762 invicem

411 1805 563 1893 separari.
607 1804 732 1871 Mirum
747 1812 799 1867 est
813 1800 901 1887 quod
916 1799 978 1864 sibi
993 1821 1060 1864 non
1074 1806 1191 1862 cavent
1203 1796 1245 1860 de
1255 1797 1399 1880 periculo
1408 1799 1522 1864 futuro
1535 1810 1610 1885 post

411 1920 550 1975 mortem
564 1906 705 1985 abbatis,
722 1905 749 1969 si
764 1904 916 1970 dominus
930 1925 988 1968 rex
998 1901 1160 1966 invenerit
1169 1921 1226 1964 eos
1240 1899 1275 1965 in
1289 1899 1346 1963 tali
1357 1903 1478 1965 statu.”
1518 1902 1611 1967 Dixit

411 2011 543 2095 quidam
557 2010 651 2086 alius,
665 2006 817 2072 abbatem
833 2006 939 2070 solum
955 2004 1134 2090 sapientem
1149 2023 1221 2067 esse
1235 2002 1269 2066 in
1283 2002 1381 2067 rebus
1395 2005 1609 2071 exterioribus

409 2110 572 2193 regendis,
587 2119 621 2172 et
636 2129 711 2172 eum
727 2107 845 2172 debere
859 2129 968 2192 regere
992 2117 1110 2186 totum,
1131 2107 1189 2191 qui
1203 2106 1265 2170 scit
1278 2127 1388 2190 regere
1401 2116 1517 2173 tobim.
1562 2109 1609 2173 Et

412 2223 482 2279 erat
510 2210 566 2297 qui
590 2209 738 2275 dicebat:
772 2209 840 2274 “si
863 2211 979 2274 saltem
1005 2231 1090 2273 unus
1115 2208 1244 2294 sapiens
1271 2209 1451 2274 monachus
1464 2221 1553 2274 esset
1576 2212 1610 2275 in

411 2324 504 2381 tanto
516 2323 691 2391 conventu,
703 2312 759 2398 qui
774 2313 908 2377 domum
924 2312 1021 2378 sciret
1035 2333 1153 2397 regere,
1165 2309 1265 2375 abbas
1280 2311 1356 2375 talia
1369 2333 1436 2377 non
1448 2313 1611 2378 lecisset?

412 2418 459 2481 Et
473 2418 518 2482 ita
532 2416 609 2481 lacti
623 2437 738 2480 sumus
754 2414 942 2480 subsanatio
957 2424 991 2479 et
1009 2415 1117 2480 illusio
1141 2415 1193 2480 his
1217 2415 1275 2499 qui
1296 2414 1484 2480 incircuitu
1497 2427 1610 2482 nostro

412 2528 504 2583 sunt.

458 2621 498 2685 In
514 2620 570 2685 tali
584 2629 779 2705 tempestate
794 2619 931 2704 contigit
945 2619 1031 2685 diem
1050 2622 1305 2687 anniversarium
1327 2621 1464 2687 Roberti
1484 2623 1611 2688 abbatis

412 2725 539 2790 recitari
560 2724 594 2788 in
610 2723 763 2810 capitulo,
778 2734 812 2789 et
826 2723 991 2788 decretum
1006 2724 1080 2803 fuit,
1099 2734 1138 2789 ut
1154 2725 1291 2790 Placebo
1310 2734 1344 2790 et
1366 2724 1480 2809 Din‘ge
1502 2738 1612 2791 centa·

413 2839 525 2893 rentur
555 2826 766 2911 sollempnius
788 2826 896 2906 solito,
927 2826 1049 2892 scilicet
1066 2849 1141 2891 cum
1170 2827 1295 2912 magnis
1314 2829 1481 2913 campanis
1502 2829 1612 2914 pulsa·

415 2932 468 3012 tis,
499 2932 585 2997 sicut
613 2931 648 2995 in
677 2930 904 2995 anniversariis
941 2929 1081 3014 Ordingi
1114 2939 1149 2994 et
1178 2930 1236 2994 H:
1273 2929 1438 3012 abbatum,
1478 2944 1613 3020 propter

415 3034 524 3099 nobile
559 3035 681 3099 factum
712 3033 849 3119 predicti
879 3033 919 3096 R.
956 3030 1095 3111 abbatis,
1131 3032 1187 3117 qui
1216 3032 1366 3098 distinxit
1389 3056 1442 3098 res
1478 3046 1513 3100 et
1541 3037 1613 3102 red-

415 3136 505 3199 ditus
520 3145 649 3199 nostros
673 3156 693 3197 a
716 3133 813 3199 rebus
838 3145 873 3199 et
897 3133 1078 3199 redditibus
1099 3133 1235 3198 abbatis.
1280 3135 1396 3200 Fiebst
1416 3146 1528 3203 autem
1551 3138 1613 3202 ista

416 3235 617 3299 sollemnitas
640 3235 855 3317 quorumdam
884 3236 1030 3316 consilio,
1060 3247 1098 3301 nt
1126 3237 1242 3302 saltem
1271 3239 1318 3303 sic
1345 3251 1533 3305 moveretur
1557 3262 1613 3306 cor

417 3336 541 3401 domini
557 3334 694 3413 abbatis,
710 3335 832 3400 scilicet
857 3336 898 3401 ad
920 3335 1004 3404 bene
1018 3341 1212 3406 faciendum.
1256 3341 1337 3407 Erat
1362 3352 1472 3409 antem
1498 3343 1611 3429 sliquis
1691 3347 1695 3353 “

416 3437 473 3522 qui
488 3436 624 3523 putebat
638 3437 701 3501 hoc
724 3435 794 3502 ficri
808 3437 842 3502 in
864 3440 1088 3507 confusionem
1108 3442 1247 3522 abbatis,
1268 3445 1324 3529 qui
1345 3445 1514 3511 dicebatur
1529 3446 1612 3512 velle

416 3541 612 3606 confundere
627 3551 662 3605 et
676 3540 884 3605 commiscere
899 3563 950 3607 res
964 3554 999 3608 et
1012 3545 1158 3610 redditus
1173 3556 1302 3611 nostros
1317 3557 1351 3611 et
1365 3569 1455 3627 suos,
1469 3570 1510 3614 eo
1524 3547 1612 3635 quod

416 3644 603 3711 saisiaverat
617 3643 801 3709 celerariam
816 3654 961 3709 nostram
976 3645 1010 3709 in
1026 3670 1124 3713 manu
1139 3671 1208 3714 sua.
1251 3648 1364 3714 Abbas
1383 3671 1462 3716 vero
1476 3651 1612 3717 audiens

414 3748 582 3814 insolitum
598 3748 742 3813 sonitum
766 3769 1005 3833 campanarum,
1030 3761 1065 3816 et
1089 3750 1172 3816 bene
1196 3750 1300 3816 sciens
1315 3761 1349 3816 et
1362 3751 1536 3818 advertens
1550 3753 1612 3818 boc

416 3860 528 3915 eontra
542 3850 811 3917 consuetudinem
826 3849 906 3929 fieri,
921 3872 1051 3917 causam
1065 3853 1142 3918 facti
1166 3853 1329 3938 sapienter
1341 3854 1561 3921 dissimularit
1577 3867 1614 3921 et

416 3951 549 4018 missam
559 3952 758 4020 sollemniter
766 3953 919 4019 cantavit
963 3953 1028 4020 Die
1041 3976 1117 4021 vero
1132 3956 1288 4042 sequente
1301 3955 1612 4045 Sancti-Michaelis,

675 4075 683 4108 ¹
701 4073 771 4137 virg.
785 4075 797 4122 1
810 4073 871 4124 (Βῆ.
882 4088 907 4124 v.
920 4076 961 4126 9³.
1160 4075 1183 4141 ¹·
1191 4074 1317 4139 lingonis.
