3556 4898
423 597 467 653 32
672 608 832 653 cucuma
855 610 1024 654 Jocsmrvl
1049 611 1096 654 DE
1121 609 1386 654 fluentorum.

423 759 513 824 lavit.
529 759 596 824 Sed
604 759 713 824 audivi
722 760 966 825 eumdicentem
976 763 1063 846 quod
1072 762 1186 826 habuit
1196 760 1481 846 parentesnobiles
1492 767 1529 822 et
1538 778 1646 843 gene-

423 886 527 941 rosos,
539 885 792 947 quosnunquam
801 864 1040 949 imperpetuum
1050 874 1088 928 ut
1095 874 1245 948 parentes
1255 872 1481 948 cognosceret3
1498 860 1592 945 quia,
1602 868 1645 923 ut

423 968 540 1045 aiebat,
555 967 628 1051 plus
644 976 754 1031 essent
768 967 799 1031 ei
814 967 903 1032 oneri
929 990 1024 1052 qnam
1045 968 1173 1046 honori,
1200 968 1227 1031 si
1253 968 1315 1031 hoc
1330 967 1453 1031 scirent
1461 990 1472 1046 3
1498 965 1563 1028 sed
1579 985 1643 1028 eos

425 1070 529 1135 voluit
555 1068 813 1153 consanguineos
839 1069 957 1133 habere
981 1070 1036 1154 qui
1059 1092 1134 1134 eum
1150 1070 1426 1155 consanguineum
1442 1067 1646 1133 habuerunt

426 1170 625 1259 quandofnit
634 1192 757 1256 pauper
768 1171 958 1235 claustralis.
973 1171 1142 1237 Quosdam
1152 1194 1264 1236 eorum
1274 1170 1538 1255 (cossecundum
1549 1169 1647 1254 quod

427 1275 489 1340 sibi
499 1275 596 1338 utiles
610 1282 645 1338 et
656 1273 791 1338 idoneos
806 1274 981 1355 estimavit)
997 1273 1131 1338 diversis
1147 1274 1261 1338 officiis
1280 1274 1314 1336 in¹
1330 1273 1429 1338 domo
1445 1295 1519 1354 sua,
1537 1296 1646 1360 quos·

426 1377 502 1442 dam
515 1375 600 1440 villis
615 1375 848 1454 custodiendis,
864 1375 1041 1461 deputavit.
1087 1375 1179 1441 Quos
1191 1385 1300 1440 autem
1311 1375 1461 1440 infideles
1469 1376 1645 1462 probavit,

424 1502 502 1545 ase
523 1479 695 1563 elongavit,
726 1479 796 1542 sine
825 1500 883 1563 spe
912 1478 1078 1543 redeundi.
1123 1478 1295 1544 Quendam
1324 1478 1497 1543 hominem
1528 1477 1646 1543 medie

424 1604 552 1661 manus,
577 1581 632 1665 qui
662 1580 894 1666 patrimonium
917 1581 987 1664 ejus
1016 1580 1155 1645 fideliter
1181 1589 1372 1659 servaverat,
1402 1591 1437 1645 et
1458 1581 1492 1645 ei
1519 1581 1645 1666 juveni

423 1685 541 1749 devote
556 1682 720 1761 servierat,
735 1705 795 1768 pro
810 1704 883 1747 caro
899 1683 1139 1768 consanguineo
1154 1683 1279 1761 habuit,
1294 1692 1328 1746 et
1341 1682 1409 1747 filio
1425 1684 1501 1768 ejus
1517 1684 1645 1749 clerico

422 1786 561 1874 primam
583 1785 752 1849 ecclesiam
773 1785 808 1848 in
837 1785 966 1850 abbatia
991 1785 1053 1849 sibi
1075 1787 1248 1850 commissa
1273 1795 1442 1851 vacantem
1470 1786 1579 1867 dedit,
1607 1797 1645 1852 et

422 1899 547 1954 ceteros
576 1888 661 1952 filios
687 1889 758 1972 ejus
788 1910 901 1953 omnes
916 1889 1090 1973 promovit.
1135 1889 1347 1974 Capelianum
1377 1890 1560 1974 quendam,
1583 1889 1644 1974 qui

422 2016 501 2059 eum
516 1993 714 2056 sustinuerat
728 1992 761 2054 in
779 1990 897 2056 scholis
917 1992 1058 2055 Parisius
1071 2001 1187 2076 questu
1202 2013 1283 2076 aque
1298 1991 1482 2071 benedicte,
1499 1991 1643 2078 quando

422 2115 547 2180 pauper
561 2095 676 2170 fuerat,
692 2093 838 2155 mandari
852 2093 939 2170 fecit,
962 2103 996 2157 et
1019 2093 1048 2156 ei
1078 2093 1328 2158 ecclesiasticum
1351 2094 1552 2159 beneficium
1570 2115 1644 2180 quo

423 2192 601 2258 sustentari
612 2192 728 2276 possit,
737 2192 854 2255 affectu
865 2192 995 2270 vicario,
1005 2195 1152 2258 contulit.
1188 2195 1327 2258 Cuidam
1343 2195 1501 2262 servienti
1516 2196 1644 2281 prede-

424 2294 562 2359 cessoris
578 2294 629 2356 sui
645 2295 767 2358 victum
783 2303 817 2358 et
831 2298 986 2359 vestitum
1002 2297 1163 2361 concessit
1177 2299 1329 2363 omnibus
1345 2300 1462 2365 diebus
1477 2300 1548 2365 vite
1566 2322 1643 2368 sue,

424 2395 483 2480 qui
498 2394 696 2478 imposuerat
710 2395 740 2460 ei
755 2395 917 2479 conpedes
933 2396 974 2459 ad
988 2408 1177 2484 preceptum
1193 2402 1318 2466 domini
1333 2402 1395 2483 sui,
1412 2403 1549 2488 quando
1575 2402 1644 2467 fuit

424 2496 554 2582 positus
579 2496 614 2558 in
636 2518 770 2560 carcere.
816 2497 897 2560 Filio
922 2498 1006 2576 Elie,
1027 2501 1179 2584 pincerne
1207 2503 1357 2588 Hugonis
1383 2504 1528 2584 abbatis,
1559 2503 1642 2568 faci-

424 2597 497 2662 enti
512 2597 541 2659 ei
555 2596 740 2681 homagium
750 2598 791 2661 de
802 2608 886 2662 terra
900 2599 1000 2683 patris
1017 2602 1077 2681 sui,
1093 2603 1175 2667 dixit
1188 2604 1223 2667 in
1235 2606 1330 2689 plena
1345 2606 1456 2671 curias
1472 2610 1496 2644 “
1508 2607 1641 2671 Distuli

419 2698 494 2784 jam
509 2719 620 2782 capere
642 2699 828 2784 homagium
849 2710 943 2764 tuum
965 2702 1021 2786 vij.
1036 2705 1130 2767 annis
1153 2706 1193 2769 de
1218 2717 1303 2771 terra
1324 2731 1422 2793 quam
1447 2709 1506 2773 HJ
1532 2708 1639 2774 abbas

425 2798 520 2863 dedit
536 2801 618 2884 patri
639 2811 709 2880 tuo,
732 2801 806 2886 quia
827 2802 907 2866 illud
931 2803 1053 2868 donum
1075 2817 1144 2871 erat
1173 2808 1206 2870 in
1229 2809 1464 2876 detrimentum
1494 2812 1571 2875 aule
1596 2813 1638 2877 de

424 2901 631 2967 Elmeswellz
656 2903 754 2968 modo
777 2903 882 2968 victus
905 2927 989 2984 sum,
1011 2929 1134 2972 memor
1155 2909 1303 2974 beneficii
1325 2913 1413 2997 quod
1436 2923 1535 2998 pater
1556 2923 1638 2978 tuus

423 3004 510 3070 mihi
532 3004 609 3068 fecit
629 3006 757 3089 quando
779 3005 814 3069 in
836 3006 973 3070 vinculis
993 3029 1091 3087 eram,
1113 3010 1188 3094 quia
1215 3011 1305 3076 misit
1327 3013 1409 3078 mihi
1439 3017 1637 3101 porcionem

424 3107 470 3171 de
484 3105 556 3190 ipso
570 3108 658 3185 vino,
673 3108 759 3191 quod
775 3108 927 3172 dominus
939 3132 1016 3173 suus
1031 3110 1166 3192 biberat,
1181 3115 1366 3180 mandando
1378 3127 1417 3181 ut
1429 3119 1639 3184 confortaret

424 3206 465 3270 in
495 3206 600 3268 Deo.''
658 3207 817 3289 Magistro
840 3208 997 3288 Waltero,
1022 3211 1089 3276 filio
1115 3215 1258 3299 magistri
1281 3218 1441 3284 Willelmi
1468 3221 1511 3285 de
1537 3221 1637 3301 Dice,

427 3303 558 3389 petenti
586 3305 748 3370 caritative
777 3307 929 3371 vicariam
958 3310 1089 3376 ecclesie
1118 3316 1158 3379 de
1189 3317 1415 3401 Cheventona,
1438 3322 1636 3407 respondit:

428 3409 452 3443 “
467 3404 562 3466 Pater
571 3413 646 3467 tuus
661 3406 812 3489 magister
823 3408 1005 3474 scholarum
1016 3424 1103 3495 erat3
1119 3427 1152 3481 et
1163 3441 1237 3483 cum
1248 3444 1372 3508 pauper
1381 3424 1521 3490 clericus
1531 3446 1637 3506 eram,

429 3504 592 3570 concessit
601 3505 679 3568 mihi
689 3507 857 3572 introitum
869 3511 978 3576 schole
990 3535 1048 3578 sue
1060 3516 1128 3581 sine
1139 3533 1234 3604 paeto
1245 3533 1279 3587 et
1289 3525 1468 3606 caritative,
1484 3536 1520 3592 et
1533 3548 1637 3591 usum

431 3605 598 3684 discendi3
620 3615 654 3670 et
668 3629 737 3691 ego,
752 3631 849 3673 causa
862 3611 937 3690 Dei,
952 3618 1092 3681 concedo
1107 3619 1167 3683 tibi
1183 3624 1271 3706 quod
1285 3627 1469 3709 postulas.''

477 3707 570 3770 Duos
585 3708 680 3775 etiam
694 3710 814 3776 milites
829 3713 870 3777 de
885 3714 1007 3796 Risebi,
1021 3718 1222 3788 Willelmum
1237 3736 1272 3791 et
1286 3729 1533 3812 Normannum,
1557 3754 1638 3797 cum

429 3807 565 3891 judicati
580 3821 688 3875 essent
701 3813 784 3878 forte
805 3814 840 3878 in
868 3816 1085 3885 misericordia
1100 3824 1181 3907 ejus,
1203 3827 1249 3892 ita
1270 3831 1434 3898 allocutus
1449 3845 1503 3900 est
1522 3856 1639 3900 coram

434 3906 605 3973 omnibusz
642 3915 663 3948 “
675 3913 759 3977 Cum
773 3936 879 3979 essem
893 3920 1071 3984 monachus
1086 3923 1264 3992 claustralis
1280 3931 1400 3997 missus
1416 3936 1639 4004 Dunelmiam

433 4025 496 4090 pro
510 4010 647 4091 negociis
661 4015 793 4082 ecclesie
807 4027 929 4099 nostre,
950 4031 984 4085 et
1003 4020 1091 4086 illinc
1105 4023 1140 4089 in
1154 4028 1321 4097 redeundo
1335 4055 1395 4119 per
1411 4038 1540 4124 Risebi,
1561 4063 1641 4108 ves-

972 4137 981 4187 !
999 4136 1081 4199 lingo.
