3556 4898
282 560 322 617 16
546 567 707 615 caourca
728 563 901 612 iocamur
925 563 973 610 ox
997 558 1268 609 austrannus.

280 722 398 788 tercius
414 721 511 806 prior.
534 719 745 784 Erubuerunt
758 717 835 783 inde
849 717 965 781 fratres
981 715 1037 801 qui
1051 713 1185 800 majoris
1200 708 1375 799 dignitatis
1386 716 1490 775 erant.

283 822 487 888 Mirabantur
509 823 607 887 etiam
630 843 744 887 omnes
768 819 908 884 eundem
944 819 1122 902 Hugonem
1145 837 1218 881 esse
1246 814 1427 879 electorem
1457 820 1491 876 et

282 926 431 990 electum.
475 925 559 992 Quia
582 934 690 988 tamen
713 944 782 986 rem
806 931 932 985 mutare
954 942 1021 984 non
1036 926 1200 1004 poterant,
1213 915 1368 994 ordinem
1383 912 1491 978 nomi·

285 1049 364 1090 num
394 1026 434 1090 de
463 1024 625 1091 communi
656 1022 791 1088 consilio
821 1020 1041 1101 mutaverunt,
1069 1019 1315 1105 pronuntiando
1344 1016 1489 1103 primum

287 1129 341 1192 HJ
358 1128 431 1212 quia
445 1126 561 1191 tercius
584 1125 672 1211 prior
694 1135 781 1202 erat3
814 1123 957 1188 secundo
974 1123 1026 1188 Β)
1045 1120 1253 1199 celerarium3
1275 1118 1380 1185 tercio
1397 1117 1489 1183 Sam·

286 1252 409 1307 sonem,
437 1229 589 1295 facientes
618 1228 836 1294 verbotenus
861 1225 1077 1290 novissimum
1106 1223 1251 1309 primum
1280 1232 1317 1287 et
1343 1220 1489 1307 primum

287 1333 521 1398 novissimum.³
565 1333 634 1396 Rex
648 1353 736 1409 vero,
751 1330 857 1415 primo
867 1349 1005 1413 querens
1018 1348 1059 1389 an
1071 1326 1140 1390 nati
1150 1335 1264 1390 essent
1276 1325 1313 1389 in
1323 1346 1385 1388 sua
1394 1334 1488 1402 terra,

287 1436 367 1501 etin
383 1435 474 1520 cujus
490 1434 643 1512 dominio,
659 1433 741 1497 dixit
762 1452 797 1495 se
821 1453 887 1495 non
910 1450 1007 1494 nosse
1023 1449 1090 1506 eos,
1104 1427 1265 1492 mandans
1279 1437 1321 1491 ut
1334 1448 1412 1491 cum
1425 1424 1488 1489 illis

286 1535 389 1600 tribus
414 1535 494 1599 alios
518 1547 583 1599 tres
609 1534 813 1599 nominarent
836 1533 876 1598 de
897 1540 1071 1597 conventu.
1118 1530 1193 1597 Quo
1220 1549 1392 1608 concesso,
1408 1526 1489 1591 dixit

285 1638 353 1702 W!
368 1637 518 1702 sacrista:
542 1641 563 1673 “
580 1636 670 1700 Prior
685 1647 795 1700 noster
810 1636 907 1701 debet
929 1635 1101 1714 nominari,
1126 1633 1202 1719 quia
1223 1642 1325 1719 caput
1338 1642 1487 1697 nostrum

286 1749 356 1804 est:
369 1740 389 1771 ’'
405 1739 489 1823 quod
506 1738 570 1802 cito
586 1760 776 1803 concessum
791 1749 851 1803 est.
882 1739 976 1803 Dixit
990 1737 1096 1823 prior:
1120 1741 1140 1774 “
1151 1737 1217 1800 W!
1230 1736 1366 1800 sacrista
1380 1734 1488 1799 bonus

286 1842 336 1906 vir
347 1842 427 1905 est.”
473 1840 627 1905 Similiter
651 1841 773 1904 dictum
799 1850 850 1907 est
880 1841 919 1904 de
946 1839 1108 1917 Dionisio‚
1138 1847 1173 1903 et
1201 1859 1397 1903 conoessum
1427 1845 1486 1901 est.

289 1944 416 2011 Quibus
445 1943 620 2008 nominatis
643 1967 750 2008 coram
777 1967 850 2029 rege
881 1943 950 2007 sine
974 1941 1064 2005 omni
1087 1961 1190 2019 mora,
1213 1938 1393 2003 mirabatur
1421 1958 1489 2015 rex,

288 2045 418 2110 dicens:
442 2049 462 2081 “
473 2044 548 2107 Cito
558 2045 704 2110 fecerunt
713 2047 777 2109 isti.
822 2047 913 2110 Deus
922 2055 973 2108 est
984 2065 1059 2108 cum
1068 2043 1147 2106 eis.”
1194 2038 1490 2105 Posteamandavit

288 2168 346 2210 rex
366 2157 405 2209 ut
425 2155 557 2229 propter
575 2146 732 2211 honorem
758 2148 847 2232 regni
873 2147 924 2210 sui
947 2146 1153 2209 nominarent
1175 2154 1242 2208 tres
1266 2164 1422 2229 personas
1447 2141 1489 2205 de

290 2247 359 2310 aliis
374 2245 534 2311 domibus.
580 2245 654 2312 Quo
680 2248 801 2326 audito,
826 2247 986 2312 timebant
999 2249 1113 2312 fratres
1137 2247 1341 2332 suspiuantes
1364 2244 1490 2308 dolum.

289 2349 433 2414 Tandem
449 2347 619 2412 consilium
634 2349 774 2414 inierunt
788 2360 825 2413 ut
840 2350 1046 2413 nominarent
1054 2360 1131 2428 tres,
1142 2349 1199 2413 sed
1214 2347 1277 2412 sub
1285 2346 1490 2426 condicione,

292 2453 424 2530 scilicet,
452 2462 491 2514 ut
513 2450 637 2513 nullum
662 2453 840 2536 reciperent
855 2451 917 2514 nisi
943 2473 1002 2536 per
1027 2451 1197 2516 consilium
1222 2460 1406 2516 conventus
1436 2448 1491 2533 qui

291 2552 379 2616 domi
414 2551 487 2615 fuit.
531 2552 577 2615 Et
612 2555 859 2616 nominaverunt
888 2563 965 2633 tres,
1002 2554 1192 2639 magistrum
1222 2552 1421 2617 Nicholaum
1451 2550 1492 2616 de

291 2654 527 2740 Waringeford,
552 2662 666 2737 postca
691 2654 732 2716 ad
757 2656 869 2719 horam
895 2655 1044 2720 abbatem
1072 2657 1111 2722 de
1128 2654 1340 2734 Malmsberi3
1363 2665 1398 2719 et
1412 2654 1493 2718 Ber·

291 2757 442 2821 trandum
457 2754 596 2841 priorem
613 2756 730 2820 Sancte
755 2756 867 2836 Fidis,⁶
890 2768 1004 2843 postea
1024 2758 1175 2823 abbatem
1191 2760 1232 2823 de
1248 2757 1436 2838 Certeseia3
1459 2764 1494 2821 ct

292 2858 459 2922 dominum
486 2856 531 2920 H.
555 2856 595 2919 de
623 2856 742 2921 Sancto
769 2858 888 2936 Neoto‚
912 2861 1108 2923 monachum
1124 2861 1164 2924 de
1180 2861 1298 2942 Becco,
1314 2861 1421 2925 virum
1435 2860 1494 2925 ad-

290 2961 424 3025 modum
439 2958 623 3044 religiosum
639 2969 672 3022 et
697 2958 730 3021 in
757 2959 988 3044 temporalibus
1015 2973 1049 3025 et
1076 2961 1297 3046 spiritualibus
1313 2960 1492 3026 admodum

291 3061 570 3145 circumspectum.
615 3061 691 3127 Quo
717 3063 814 3141 facto,
838 3062 1004 3126 mandavit
1030 3085 1097 3141 rex,
1112 3064 1230 3148 gratias
1246 3085 1357 3148 agens,
1372 3075 1412 3127 ut
1425 3074 1492 3129 tres

291 3174 532 3226 removerentur
547 3163 587 3226 de
612 3185 740 3242 novem,
755 3175 789 3228 et
804 3165 913 3228 statim
928 3164 1045 3229 remoti
1061 3177 1138 3229 sunt
1153 3166 1248 3230 alieni
1270 3177 1347 3249 tres,
1368 3168 1494 3235 scilicet

293 3262 380 3347 prior
395 3261 511 3326 Sancte
528 3261 628 3339 Fidei,
644 3274 756 3346 postea
772 3264 1004 3329 Certeseiensis
1027 3265 1137 3345 abbas,
1161 3279 1195 3332 et
1217 3268 1397 3336 Nicholaus
1421 3292 1495 3337 mo·

292 3362 416 3427 nachus
433 3362 542 3428 Sancti
557 3363 686 3442 Albani,
696 3377 809 3449 postea
820 3367 920 3431 abbas
933 3368 1224 3449 Malmsberiensis,
1235 3381 1269 3436 et
1279 3371 1368 3457 prior
1379 3372 1495 3438 Sancti

294 3465 405 3530 Neoti.
457 3465 641 3529 Willelmus
668 3468 799 3532 sacrista
822 3480 939 3554 sponte
965 3472 1084 3552 cessit3
1117 3474 1235 3538 remoti
1259 3485 1338 3541 sunt
1361 3475 1429 3542 duo
1451 3496 1495 3542 cx

294 3568 436 3654 quinque
451 3589 509 3652 per
523 3577 710 3652 preceptum
726 3570 828 3654 regis3
850 3582 884 3635 et
903 3581 1017 3656 postca
1032 3594 1117 3636 unus
1132 3594 1172 3637 ex
1187 3574 1303 3655 tribus,
1317 3586 1353 3641 et
1365 3597 1496 3641 mman-

294 3681 407 3737 serunt
420 3680 490 3733 tum
518 3669 593 3748 duo,
616 3670 747 3749 scilicet,
767 3674 854 3758 prior
874 3685 907 3737 et
930 3674 1080 3738 Samson.
1123 3674 1216 3739 'limo
1238 3676 1371 3741 tandem
1384 3675 1496 3745 vocati

295 3773 420 3838 suntad
429 3771 600 3837 consilium
609 3772 742 3837 fratrum
752 3776 968 3859 prenominati
983 3776 1176 3841 internuntii
1187 3778 1311 3843 domini
1321 3778 1418 3865 regis.
1447 3778 1496 3844 Et

295 3876 429 3960 loquens
444 3874 625 3956 Dionisius‚
639 3897 724 3939 unus
739 3898 799 3961 pro
814 3878 976 3956 omnibus,
992 3880 1079 3964 cepit
1094 3881 1321 3946 commendare
1335 3902 1496 3968 personas

296 3976 411 4059 prioris
426 3986 459 4039 et
474 3977 651 4057 Samsonis,
677 3977 788 4043 dicens
811 3990 985 4065 utrumque
1000 4002 1112 4044 eorum
1127 3981 1302 4063 literatum,
1316 3992 1496 4069 utrumque

330 4073 496 4139 lilugoncm.
576 4075 739 4143 ²llogcrum.
837 4080 1231 4133 ³Marc.x.sl.Mst.xir.so.
1312 4084 1496 4137 minema.

328 4155 341 4194 ⁵
357 4157 503 4208 willelmus.
631 4156 645 4196 θ
662 4159 748 4208 Fidei?
