<?xml version="1.0" encoding="UTF-8"?>
<!DOCTYPE html PUBLIC "-//W3C//DTD XHTML 1.0 Transitional//EN"
    "http://www.w3.org/TR/xhtml1/DTD/xhtml1-transitional.dtd">
<html xmlns="http://www.w3.org/1999/xhtml" xml:lang="en" lang="en">
 <head>
  <title>
</title>
<meta http-equiv="Content-Type" content="text/html;charset=utf-8" />
  <meta name='ocr-system' content='tesseract 3.04.00' />
  <meta name='ocr-capabilities' content='ocr_page ocr_carea ocr_par ocr_line ocrx_word'/>
</head>
<body>
  <div class='ocr_page' id='page_1' title='image "./chronicajocelin00jocegoog_0055.png"; bbox 0 0 3556 4898; ppageno 0'>
   <div class='ocr_carea' id='block_1_1' title="bbox 323 564 1280 622">
    <p class='ocr_par' dir='ltr' id='par_1_1' title="bbox 323 564 1280 622">
     <span class='ocr_line' id='line_1_1' title="bbox 323 564 1280 622; baseline -0.004 -1"><span class='ocrx_word' id='word_1_1' title='bbox 323 564 366 622; x_wconf 87' lang='grc'>36</span> <span class='ocrx_word' id='word_1_2' title='bbox 562 574 724 618; x_wconf 70' lang='lat' dir='ltr'>cucuron</span> <span class='ocrx_word' id='word_1_3' title='bbox 747 570 917 617; x_wconf 71' lang='lat' dir='ltr'>socruum</span> <span class='ocrx_word' id='word_1_4' title='bbox 943 572 990 616; x_wconf 82' lang='lat' dir='ltr'>nu</span> <span class='ocrx_word' id='word_1_5' title='bbox 1015 572 1280 617; x_wconf 66' lang='lat' dir='ltr'>saluatorem.</span> 
     </span>
    </p>
   </div>
   <div class='ocr_carea' id='block_1_2' title="bbox 195 721 1595 4046">
    <p class='ocr_par' dir='ltr' id='par_1_2' title="bbox 195 721 1595 4046">
     <span class='ocr_line' id='line_1_2' title="bbox 324 721 1540 813; baseline -0.004 -22"><span class='ocrx_word' id='word_1_6' title='bbox 324 726 470 813; x_wconf 92' lang='lat' dir='ltr'>positum</span> <span class='ocrx_word' id='word_1_7' title='bbox 494 725 555 789; x_wconf 84' lang='lat' dir='ltr'>sub</span> <span class='ocrx_word' id='word_1_8' title='bbox 577 724 653 789; x_wconf 87' lang='lat' dir='ltr'>ciffo</span> <span class='ocrx_word' id='word_1_9' title='bbox 680 745 792 809; x_wconf 85' lang='lat' dir='ltr'>parvo,</span> <span class='ocrx_word' id='word_1_10' title='bbox 814 745 879 807; x_wconf 92' lang='lat' dir='ltr'>quo</span> <span class='ocrx_word' id='word_1_11' title='bbox 901 722 1012 787; x_wconf 91' lang='lat' dir='ltr'>bibere</span> <span class='ocrx_word' id='word_1_12' title='bbox 1038 721 1202 788; x_wconf 81' lang='lat' dir='ltr'><strong>solebam:</strong></span> <span class='ocrx_word' id='word_1_13' title='bbox 1225 732 1260 787; x_wconf 92' lang='lat' dir='ltr'>et</span> <span class='ocrx_word' id='word_1_14' title='bbox 1284 722 1430 789; x_wconf 90' lang='lat' dir='ltr'>Domino</span> <span class='ocrx_word' id='word_1_15' title='bbox 1456 722 1540 787; x_wconf 88' lang='lat' dir='ltr'>Deo</span> 
     </span>
     <span class='ocr_line' id='line_1_3' title="bbox 325 826 1535 912; baseline -0.004 -18"><span class='ocrx_word' id='word_1_16' title='bbox 325 829 468 907; x_wconf 88' lang='lat' dir='ltr'>volente,</span> <span class='ocrx_word' id='word_1_17' title='bbox 493 837 528 892; x_wconf 91' lang='lat' dir='ltr'>et</span> <span class='ocrx_word' id='word_1_18' title='bbox 551 834 663 890; x_wconf 86' lang='lat' dir='ltr'>sancto</span> <span class='ocrx_word' id='word_1_19' title='bbox 685 826 889 906; x_wconf 86' lang='lat' dir='ltr'>AEdmundo,</span> <span class='ocrx_word' id='word_1_20' title='bbox 908 826 1006 890; x_wconf 88' lang='lat' dir='ltr'>simul</span> <span class='ocrx_word' id='word_1_21' title='bbox 1021 826 1145 890; x_wconf 73' lang='lat' dir='ltr'>exuaai</span> <span class='ocrx_word' id='word_1_22' title='bbox 1167 826 1325 912; x_wconf 87' lang='lat' dir='ltr'>scriptum</span> <span class='ocrx_word' id='word_1_23' title='bbox 1348 827 1429 890; x_wconf 92' lang='lat' dir='ltr'>illud</span> <span class='ocrx_word' id='word_1_24' title='bbox 1454 847 1535 890; x_wconf 88' lang='lat' dir='ltr'>cum</span> 
     </span>
     <span class='ocr_line' id='line_1_4' title="bbox 325 927 1534 1014; baseline -0.005 -17"><span class='ocrx_word' id='word_1_25' title='bbox 325 933 412 1010; x_wconf 87' lang='lat' dir='ltr'>ciffo,</span> <span class='ocrx_word' id='word_1_26' title='bbox 426 932 472 995; x_wconf 92' lang='lat' dir='ltr'>ita</span> <span class='ocrx_word' id='word_1_27' title='bbox 486 929 586 1014; x_wconf 90' lang='lat' dir='ltr'>quod,</span> <span class='ocrx_word' id='word_1_28' title='bbox 600 927 768 993; x_wconf 83' lang='lat' dir='ltr'>brachium</span> <span class='ocrx_word' id='word_1_29' title='bbox 783 929 962 993; x_wconf 85' lang='lat' dir='ltr'>extendens</span> <span class='ocrx_word' id='word_1_30' title='bbox 977 928 1011 992; x_wconf 92' lang='lat' dir='ltr'>in</span> <span class='ocrx_word' id='word_1_31' title='bbox 1027 928 1140 1007; x_wconf 90' lang='lat' dir='ltr'>altum,</span> <span class='ocrx_word' id='word_1_32' title='bbox 1155 928 1253 992; x_wconf 83' lang='lat' dir='ltr'>breve</span> <span class='ocrx_word' id='word_1_33' title='bbox 1265 928 1356 993; x_wconf 89' lang='lat' dir='ltr'>tenui</span> <span class='ocrx_word' id='word_1_34' title='bbox 1368 928 1430 992; x_wconf 89' lang='lat' dir='ltr'>sub</span> <span class='ocrx_word' id='word_1_35' title='bbox 1442 927 1534 992; x_wconf 85' lang='lat' dir='ltr'>eiffo.</span> 
     </span>
     <span class='ocr_line' id='line_1_5' title="bbox 327 1027 1535 1117; baseline -0.005 -19"><span class='ocrx_word' id='word_1_36' title='bbox 327 1034 448 1099; x_wconf 87' lang='lat' dir='ltr'>Ciffum</span> <span class='ocrx_word' id='word_1_37' title='bbox 464 1032 595 1117; x_wconf 92' lang='lat' dir='ltr'>quidem</span> <span class='ocrx_word' id='word_1_38' title='bbox 608 1030 772 1109; x_wconf 83' lang='lat' dir='ltr'>viderunt,</span> <span class='ocrx_word' id='word_1_39' title='bbox 787 1032 846 1095; x_wconf 88' lang='lat' dir='ltr'>sed</span> <span class='ocrx_word' id='word_1_40' title='bbox 860 1028 957 1095; x_wconf 91' lang='lat' dir='ltr'>breve</span> <span class='ocrx_word' id='word_1_41' title='bbox 972 1052 1039 1094; x_wconf 89' lang='lat' dir='ltr'>non</span> <span class='ocrx_word' id='word_1_42' title='bbox 1054 1039 1279 1116; x_wconf 86' lang='lat' dir='ltr'>perceperunt.</span> <span class='ocrx_word' id='word_1_43' title='bbox 1317 1031 1364 1094; x_wconf 84' lang='lat' dir='ltr'>Et</span> <span class='ocrx_word' id='word_1_44' title='bbox 1378 1029 1426 1093; x_wconf 85' lang='lat' dir='ltr'>sie</span> <span class='ocrx_word' id='word_1_45' title='bbox 1439 1027 1535 1092; x_wconf 81' lang='lat' dir='ltr'>evasi</span> 
     </span>
     <span class='ocr_line' id='line_1_6' title="bbox 326 1130 1536 1217; baseline -0.004 -18"><span class='ocrx_word' id='word_1_46' title='bbox 326 1156 441 1199; x_wconf 88' lang='lat' dir='ltr'>manus</span> <span class='ocrx_word' id='word_1_47' title='bbox 456 1154 569 1199; x_wconf 88' lang='lat' dir='ltr'>eorum</span> <span class='ocrx_word' id='word_1_48' title='bbox 584 1132 619 1195; x_wconf 93' lang='lat' dir='ltr'>in</span> <span class='ocrx_word' id='word_1_49' title='bbox 635 1131 767 1196; x_wconf 90' lang='lat' dir='ltr'>nomine</span> <span class='ocrx_word' id='word_1_50' title='bbox 782 1131 928 1197; x_wconf 89' lang='lat' dir='ltr'><strong>Domini.</strong></span> <span class='ocrx_word' id='word_1_51' title='bbox 973 1132 1137 1217; x_wconf 78' lang='lat' dir='ltr'>Quicquid</span> <span class='ocrx_word' id='word_1_52' title='bbox 1153 1142 1284 1197; x_wconf 89' lang='lat' dir='ltr'>monete</span> <span class='ocrx_word' id='word_1_53' title='bbox 1301 1132 1403 1196; x_wconf 90' lang='lat' dir='ltr'>habui</span> <span class='ocrx_word' id='word_1_54' title='bbox 1416 1130 1536 1196; x_wconf 87' lang='lat' dir='ltr'>abstu-</span> 
     </span>
     <span class='ocr_line' id='line_1_7' title="bbox 326 1233 1540 1319; baseline -0.006 -17"><span class='ocrx_word' id='word_1_55' title='bbox 326 1239 435 1302; x_wconf 90' lang='lat' dir='ltr'>lerunt</span> <span class='ocrx_word' id='word_1_56' title='bbox 457 1259 477 1300; x_wconf 89' lang='lat' dir='ltr'>a</span> <span class='ocrx_word' id='word_1_57' title='bbox 496 1256 559 1315; x_wconf 89' lang='lat' dir='ltr'>me,</span> <span class='ocrx_word' id='word_1_58' title='bbox 581 1234 670 1298; x_wconf 91' lang='lat' dir='ltr'>unde</span> <span class='ocrx_word' id='word_1_59' title='bbox 693 1233 840 1319; x_wconf 88' lang='lat' dir='ltr'>oportuit</span> <span class='ocrx_word' id='word_1_60' title='bbox 861 1254 914 1299; x_wconf 93' lang='lat' dir='ltr'>me</span> <span class='ocrx_word' id='word_1_61' title='bbox 936 1233 1104 1298; x_wconf 77' lang='lat' dir='ltr'>hostiatim</span> <span class='ocrx_word' id='word_1_62' title='bbox 1126 1235 1321 1313; x_wconf 87' lang='lat' dir='ltr'>mendicare,</span> <span class='ocrx_word' id='word_1_63' title='bbox 1345 1234 1416 1298; x_wconf 88' lang='lat' dir='ltr'>sine</span> <span class='ocrx_word' id='word_1_64' title='bbox 1439 1233 1540 1298; x_wconf 88' lang='lat' dir='ltr'>omni</span> 
     </span>
     <span class='ocr_line' id='line_1_8' title="bbox 326 1334 1536 1424; baseline -0.004 -20"><span class='ocrx_word' id='word_1_65' title='bbox 326 1360 479 1424; x_wconf 85' lang='lat' dir='ltr'>expensa,</span> <span class='ocrx_word' id='word_1_66' title='bbox 494 1338 598 1402; x_wconf 92' lang='lat' dir='ltr'>donec</span> <span class='ocrx_word' id='word_1_67' title='bbox 612 1337 647 1400; x_wconf 92' lang='lat' dir='ltr'>in</span> <span class='ocrx_word' id='word_1_68' title='bbox 658 1337 809 1422; x_wconf 88' lang='lat' dir='ltr'>Angliam</span> <span class='ocrx_word' id='word_1_69' title='bbox 818 1335 974 1399; x_wconf 81' lang='lat' dir='ltr'>venirem.</span> <span class='ocrx_word' id='word_1_70' title='bbox 1004 1335 1152 1400; x_wconf 80' lang='lat' dir='ltr'>Audiens</span> <span class='ocrx_word' id='word_1_71' title='bbox 1160 1346 1281 1416; x_wconf 86' lang='lat' dir='ltr'>autem,</span> <span class='ocrx_word' id='word_1_72' title='bbox 1296 1336 1384 1421; x_wconf 93' lang='lat' dir='ltr'>quod</span> <span class='ocrx_word' id='word_1_73' title='bbox 1395 1334 1536 1400; x_wconf 85' lang='lat' dir='ltr'>ecclesia</span> 
     </span>
     <span class='ocr_line' id='line_1_9' title="bbox 326 1436 1534 1515; baseline -0.003 -9"><span class='ocrx_word' id='word_1_74' title='bbox 326 1443 382 1506; x_wconf 88' lang='lat' dir='ltr'>illa</span> <span class='ocrx_word' id='word_1_75' title='bbox 407 1441 482 1504; x_wconf 87' lang='lat' dir='ltr'>data</span> <span class='ocrx_word' id='word_1_76' title='bbox 510 1447 600 1503; x_wconf 84' lang='lat' dir='ltr'>esset</span> <span class='ocrx_word' id='word_1_77' title='bbox 628 1437 777 1503; x_wconf 82' lang='lat' dir='ltr'>Galfrido</span> <span class='ocrx_word' id='word_1_78' title='bbox 804 1436 943 1515; x_wconf 87' lang='lat' dir='ltr'>Ridello,</span> <span class='ocrx_word' id='word_1_79' title='bbox 974 1437 1163 1501; x_wconf 81' lang='lat' dir='ltr'>contristata</span> <span class='ocrx_word' id='word_1_80' title='bbox 1184 1448 1236 1502; x_wconf 87' lang='lat' dir='ltr'>est</span> <span class='ocrx_word' id='word_1_81' title='bbox 1259 1440 1367 1503; x_wconf 89' lang='lat' dir='ltr'>anima</span> <span class='ocrx_word' id='word_1_82' title='bbox 1390 1459 1465 1502; x_wconf 86' lang='lat' dir='ltr'>mea</span> <span class='ocrx_word' id='word_1_83' title='bbox 1491 1458 1534 1502; x_wconf 89' lang='lat' dir='ltr'>eo</span> 
     </span>
     <span class='ocr_line' id='line_1_10' title="bbox 327 1537 1535 1629; baseline -0.003 -23"><span class='ocrx_word' id='word_1_84' title='bbox 327 1543 415 1629; x_wconf 91' lang='lat' dir='ltr'>quod</span> <span class='ocrx_word' id='word_1_85' title='bbox 439 1542 474 1604; x_wconf 90' lang='lat' dir='ltr'>in</span> <span class='ocrx_word' id='word_1_86' title='bbox 496 1561 617 1603; x_wconf 83' lang='lat' dir='ltr'>vanum</span> <span class='ocrx_word' id='word_1_87' title='bbox 640 1539 794 1604; x_wconf 85' lang='lat' dir='ltr'>laboravi.</span> <span class='ocrx_word' id='word_1_88' title='bbox 837 1538 982 1602; x_wconf 86' lang='lat' dir='ltr'>Veniens</span> <span class='ocrx_word' id='word_1_89' title='bbox 1005 1559 1081 1623; x_wconf 84' lang='lat' dir='ltr'>ergo</span> <span class='ocrx_word' id='word_1_90' title='bbox 1105 1537 1250 1619; x_wconf 92' lang='lat' dir='ltr'>domum,</span> <span class='ocrx_word' id='word_1_91' title='bbox 1276 1539 1393 1603; x_wconf 81' lang='lat' dir='ltr'>feretro</span> <span class='ocrx_word' id='word_1_92' title='bbox 1418 1537 1535 1603; x_wconf 89' lang='lat' dir='ltr'>Sancti</span> 
     </span>
     <span class='ocr_line' id='line_1_11' title="bbox 327 1640 1534 1725; baseline -0.002 -17"><span class='ocrx_word' id='word_1_93' title='bbox 327 1640 511 1708; x_wconf 86' lang='lat' dir='ltr'>AEdmundi</span> <span class='ocrx_word' id='word_1_94' title='bbox 525 1640 664 1704; x_wconf 85' lang='lat' dir='ltr'>latenter</span> <span class='ocrx_word' id='word_1_95' title='bbox 689 1661 742 1704; x_wconf 91' lang='lat' dir='ltr'>me</span> <span class='ocrx_word' id='word_1_96' title='bbox 764 1641 934 1725; x_wconf 79' lang='lat' dir='ltr'>supposui,</span> <span class='ocrx_word' id='word_1_97' title='bbox 955 1640 1075 1704; x_wconf 89' lang='lat' dir='ltr'>timens</span> <span class='ocrx_word' id='word_1_98' title='bbox 1104 1662 1147 1704; x_wconf 92' lang='lat' dir='ltr'>ne</span> <span class='ocrx_word' id='word_1_99' title='bbox 1169 1640 1323 1705; x_wconf 87' lang='lat' dir='ltr'>dominus</span> <span class='ocrx_word' id='word_1_100' title='bbox 1351 1640 1453 1705; x_wconf 87' lang='lat' dir='ltr'>abbas</span> <span class='ocrx_word' id='word_1_101' title='bbox 1476 1661 1534 1706; x_wconf 91' lang='lat' dir='ltr'>me</span> 
     </span>
     <span class='ocr_line' id='line_1_12' title="bbox 329 1728 1595 1830; baseline -0.004 -20"><span class='ocrx_word' id='word_1_102' title='bbox 329 1753 469 1830; x_wconf 87' lang='lat' dir='ltr'>caperet,</span> <span class='ocrx_word' id='word_1_103' title='bbox 482 1753 517 1808; x_wconf 93' lang='lat' dir='ltr'>et</span> <span class='ocrx_word' id='word_1_104' title='bbox 530 1743 752 1821; x_wconf 77' lang='lat' dir='ltr'>incarceraret,</span> <span class='ocrx_word' id='word_1_105' title='bbox 767 1742 822 1827; x_wconf 90' lang='lat' dir='ltr'>qui</span> <span class='ocrx_word' id='word_1_106' title='bbox 836 1741 936 1805; x_wconf 90' lang='lat' dir='ltr'>nichil</span> <span class='ocrx_word' id='word_1_107' title='bbox 949 1741 1026 1804; x_wconf 88' lang='lat' dir='ltr'>mali</span> <span class='ocrx_word' id='word_1_108' title='bbox 1041 1763 1242 1821; x_wconf 83' lang='lat' dir='ltr'>merueram3</span> <span class='ocrx_word' id='word_1_109' title='bbox 1264 1763 1326 1806; x_wconf 90' lang='lat' dir='ltr'>nce</span> <span class='ocrx_word' id='word_1_110' title='bbox 1337 1753 1407 1807; x_wconf 85' lang='lat' dir='ltr'>erat</span> <span class='ocrx_word' id='word_1_111' title='bbox 1417 1764 1534 1806; x_wconf 89' lang='lat' dir='ltr'>mona·</span> <span class='ocrx_word' id='word_1_112' title='bbox 1591 1728 1595 1735; x_wconf 59' lang='grc'><strong>’</strong></span> 
     </span>
     <span class='ocr_line' id='line_1_13' title="bbox 328 1842 1534 1931; baseline -0.004 -19"><span class='ocrx_word' id='word_1_113' title='bbox 328 1849 410 1912; x_wconf 89' lang='lat' dir='ltr'>chus</span> <span class='ocrx_word' id='word_1_114' title='bbox 425 1846 481 1931; x_wconf 92' lang='lat' dir='ltr'>qui</span> <span class='ocrx_word' id='word_1_115' title='bbox 495 1866 623 1909; x_wconf 90' lang='lat' dir='ltr'>mecum</span> <span class='ocrx_word' id='word_1_116' title='bbox 637 1842 778 1908; x_wconf 91' lang='lat' dir='ltr'>audebat</span> <span class='ocrx_word' id='word_1_117' title='bbox 791 1843 891 1928; x_wconf 90' lang='lat' dir='ltr'>loqui,</span> <span class='ocrx_word' id='word_1_118' title='bbox 905 1865 965 1908; x_wconf 92' lang='lat' dir='ltr'>nec</span> <span class='ocrx_word' id='word_1_119' title='bbox 978 1843 1080 1907; x_wconf 87' lang='lat' dir='ltr'>laicus</span> <span class='ocrx_word' id='word_1_120' title='bbox 1095 1843 1150 1927; x_wconf 95' lang='lat' dir='ltr'>qui</span> <span class='ocrx_word' id='word_1_121' title='bbox 1164 1845 1244 1908; x_wconf 91' lang='lat' dir='ltr'>mihi</span> <span class='ocrx_word' id='word_1_122' title='bbox 1258 1845 1393 1909; x_wconf 87' lang='lat' dir='ltr'>auderet</span> <span class='ocrx_word' id='word_1_123' title='bbox 1406 1844 1534 1909; x_wconf 86' lang='lat' dir='ltr'>victum</span> 
     </span>
     <span class='ocr_line' id='line_1_14' title="bbox 328 1944 1537 2030; baseline -0.003 -16"><span class='ocrx_word' id='word_1_124' title='bbox 328 1948 521 2026; x_wconf 87' lang='lat' dir='ltr'>ministrare,</span> <span class='ocrx_word' id='word_1_125' title='bbox 538 1946 603 2010; x_wconf 90' lang='lat' dir='ltr'>nisi</span> <span class='ocrx_word' id='word_1_126' title='bbox 620 1946 735 2030; x_wconf 88' lang='lat' dir='ltr'>aliquis</span> <span class='ocrx_word' id='word_1_127' title='bbox 756 1945 885 2010; x_wconf 85' lang='lat' dir='ltr'>furtive.</span> <span class='ocrx_word' id='word_1_128' title='bbox 928 1944 1086 2024; x_wconf 82' lang='lat' dir='ltr'>Tandem,</span> <span class='ocrx_word' id='word_1_129' title='bbox 1100 1946 1182 2010; x_wconf 90' lang='lat' dir='ltr'>inito</span> <span class='ocrx_word' id='word_1_130' title='bbox 1205 1947 1352 2025; x_wconf 88' lang='lat' dir='ltr'>consilio,</span> <span class='ocrx_word' id='word_1_131' title='bbox 1365 1947 1456 2010; x_wconf 87' lang='lat' dir='ltr'>misit</span> <span class='ocrx_word' id='word_1_132' title='bbox 1477 1967 1537 2010; x_wconf 90' lang='lat' dir='ltr'>me</span> 
     </span>
     <span class='ocr_line' id='line_1_15' title="bbox 328 2047 1536 2134; baseline -0.002 -20"><span class='ocrx_word' id='word_1_133' title='bbox 328 2050 429 2114; x_wconf 92' lang='lat' dir='ltr'>abbas</span> <span class='ocrx_word' id='word_1_134' title='bbox 454 2048 542 2134; x_wconf 91' lang='lat' dir='ltr'>apud</span> <span class='ocrx_word' id='word_1_135' title='bbox 563 2050 683 2113; x_wconf 85' lang='lat' dir='ltr'>Acram</span> <span class='ocrx_word' id='word_1_136' title='bbox 706 2048 740 2111; x_wconf 92' lang='lat' dir='ltr'>in</span> <span class='ocrx_word' id='word_1_137' title='bbox 762 2048 907 2128; x_wconf 86' lang='lat' dir='ltr'>exilium,</span> <span class='ocrx_word' id='word_1_138' title='bbox 928 2048 1038 2132; x_wconf 88' lang='lat' dir='ltr'>ibique</span> <span class='ocrx_word' id='word_1_139' title='bbox 1057 2047 1113 2111; x_wconf 92' lang='lat' dir='ltr'>diu</span> <span class='ocrx_word' id='word_1_140' title='bbox 1134 2069 1258 2112; x_wconf 86' lang='lat' dir='ltr'>moram</span> <span class='ocrx_word' id='word_1_141' title='bbox 1281 2048 1353 2113; x_wconf 84' lang='lat' dir='ltr'>ieci.</span> <span class='ocrx_word' id='word_1_142' title='bbox 1397 2049 1471 2113; x_wconf 86' lang='lat' dir='ltr'>Hec</span> <span class='ocrx_word' id='word_1_143' title='bbox 1496 2057 1536 2112; x_wconf 88' lang='lat' dir='ltr'>et</span> 
     </span>
     <span class='ocr_line' id='line_1_16' title="bbox 329 2149 1536 2236; baseline 0 -22"><span class='ocrx_word' id='word_1_144' title='bbox 329 2150 433 2214; x_wconf 81' lang='lat' dir='ltr'>multa</span> <span class='ocrx_word' id='word_1_145' title='bbox 446 2150 508 2213; x_wconf 88' lang='lat' dir='ltr'>alia</span> <span class='ocrx_word' id='word_1_146' title='bbox 528 2149 613 2213; x_wconf 86' lang='lat' dir='ltr'>mala</span> <span class='ocrx_word' id='word_1_147' title='bbox 633 2150 880 2214; x_wconf 86' lang='lat' dir='ltr'>innumerabilia</span> <span class='ocrx_word' id='word_1_148' title='bbox 902 2172 1017 2235; x_wconf 88' lang='lat' dir='ltr'>passus</span> <span class='ocrx_word' id='word_1_149' title='bbox 1043 2172 1116 2214; x_wconf 82' lang='lat' dir='ltr'>sum</span> <span class='ocrx_word' id='word_1_150' title='bbox 1141 2161 1275 2236; x_wconf 89' lang='lat' dir='ltr'>propter</span> <span class='ocrx_word' id='word_1_151' title='bbox 1297 2151 1464 2217; x_wconf 84' lang='lat' dir='ltr'>ecelesiam</span> <span class='ocrx_word' id='word_1_152' title='bbox 1488 2151 1536 2215; x_wconf 90' lang='lat' dir='ltr'>de</span> 
     </span>
     <span class='ocr_line' id='line_1_17' title="bbox 329 2252 1534 2338; baseline 0 -22"><span class='ocrx_word' id='word_1_153' title='bbox 329 2254 463 2338; x_wconf 81' lang='lat' dir='ltr'>Wlpet3</span> <span class='ocrx_word' id='word_1_154' title='bbox 480 2253 537 2317; x_wconf 84' lang='lat' dir='ltr'>sed</span> <span class='ocrx_word' id='word_1_155' title='bbox 548 2252 738 2317; x_wconf 86' lang='lat' dir='ltr'>benedictus</span> <span class='ocrx_word' id='word_1_156' title='bbox 753 2253 857 2332; x_wconf 87' lang='lat' dir='ltr'>Deus,</span> <span class='ocrx_word' id='word_1_157' title='bbox 872 2252 928 2336; x_wconf 91' lang='lat' dir='ltr'>qui</span> <span class='ocrx_word' id='word_1_158' title='bbox 942 2253 1052 2317; x_wconf 90' lang='lat' dir='ltr'>omnia</span> <span class='ocrx_word' id='word_1_159' title='bbox 1066 2263 1220 2338; x_wconf 86' lang='lat' dir='ltr'>coeperat</span> <span class='ocrx_word' id='word_1_160' title='bbox 1232 2256 1267 2318; x_wconf 91' lang='lat' dir='ltr'>in</span> <span class='ocrx_word' id='word_1_161' title='bbox 1278 2254 1413 2333; x_wconf 89' lang='lat' dir='ltr'>bonum,</span> <span class='ocrx_word' id='word_1_162' title='bbox 1422 2253 1534 2318; x_wconf 77' lang='lat' dir='ltr'>Eece!</span> 
     </span>
     <span class='ocr_line' id='line_1_18' title="bbox 330 2354 1535 2440; baseline -0.002 -20"><span class='ocrx_word' id='word_1_163' title='bbox 330 2354 475 2434; x_wconf 91' lang='lat' dir='ltr'>ecclesia,</span> <span class='ocrx_word' id='word_1_164' title='bbox 489 2376 550 2438; x_wconf 90' lang='lat' dir='ltr'>pro</span> <span class='ocrx_word' id='word_1_165' title='bbox 565 2376 629 2440; x_wconf 86' lang='lat' dir='ltr'>qua</span> <span class='ocrx_word' id='word_1_166' title='bbox 643 2364 695 2419; x_wconf 88' lang='lat' dir='ltr'>tot</span> <span class='ocrx_word' id='word_1_167' title='bbox 708 2355 792 2419; x_wconf 90' lang='lat' dir='ltr'>mala</span> <span class='ocrx_word' id='word_1_168' title='bbox 806 2354 959 2434; x_wconf 87' lang='lat' dir='ltr'>sustinui,</span> <span class='ocrx_word' id='word_1_169' title='bbox 973 2355 1049 2419; x_wconf 86' lang='lat' dir='ltr'>data</span> <span class='ocrx_word' id='word_1_170' title='bbox 1063 2366 1115 2420; x_wconf 91' lang='lat' dir='ltr'>est</span> <span class='ocrx_word' id='word_1_171' title='bbox 1128 2357 1163 2419; x_wconf 93' lang='lat' dir='ltr'>in</span> <span class='ocrx_word' id='word_1_172' title='bbox 1178 2379 1277 2421; x_wconf 89' lang='lat' dir='ltr'>manu</span> <span class='ocrx_word' id='word_1_173' title='bbox 1290 2377 1374 2436; x_wconf 83' lang='lat' dir='ltr'>mea,</span> <span class='ocrx_word' id='word_1_174' title='bbox 1388 2364 1423 2420; x_wconf 93' lang='lat' dir='ltr'>et</span> <span class='ocrx_word' id='word_1_175' title='bbox 1442 2376 1535 2419; x_wconf 89' lang='lat' dir='ltr'>nunc</span> 
     </span>
     <span class='ocr_line' id='line_1_19' title="bbox 329 2456 1534 2544; baseline 0 -23"><span class='ocrx_word' id='word_1_176' title='bbox 329 2467 525 2543; x_wconf 86' lang='lat' dir='ltr'>potestatem</span> <span class='ocrx_word' id='word_1_177' title='bbox 547 2457 652 2523; x_wconf 91' lang='lat' dir='ltr'>habeo</span> <span class='ocrx_word' id='word_1_178' title='bbox 674 2456 816 2521; x_wconf 76' lang='lat' dir='ltr'>donandi</span> <span class='ocrx_word' id='word_1_179' title='bbox 839 2477 911 2520; x_wconf 90' lang='lat' dir='ltr'>eam</span> <span class='ocrx_word' id='word_1_180' title='bbox 934 2456 990 2520; x_wconf 89' lang='lat' dir='ltr'>ubi</span> <span class='ocrx_word' id='word_1_181' title='bbox 1015 2458 1159 2538; x_wconf 82' lang='lat' dir='ltr'>voluero,</span> <span class='ocrx_word' id='word_1_182' title='bbox 1174 2460 1249 2544; x_wconf 91' lang='lat' dir='ltr'>quia</span> <span class='ocrx_word' id='word_1_183' title='bbox 1263 2469 1365 2523; x_wconf 89' lang='lat' dir='ltr'>vacat.</span> <span class='ocrx_word' id='word_1_184' title='bbox 1409 2458 1456 2521; x_wconf 84' lang='lat' dir='ltr'>Et</span> <span class='ocrx_word' id='word_1_185' title='bbox 1469 2479 1534 2542; x_wconf 88' lang='lat' dir='ltr'>ego</span> 
     </span>
     <span class='ocr_line' id='line_1_20' title="bbox 332 2554 1532 2645; baseline 0.001 -23"><span class='ocrx_word' id='word_1_186' title='bbox 332 2579 403 2622; x_wconf 88' lang='lat' dir='ltr'>eam</span> <span class='ocrx_word' id='word_1_187' title='bbox 419 2557 594 2622; x_wconf 86' lang='lat' dir='ltr'>conventui</span> <span class='ocrx_word' id='word_1_188' title='bbox 608 2554 720 2636; x_wconf 86' lang='lat' dir='ltr'>redde,</span> <span class='ocrx_word' id='word_1_189' title='bbox 733 2566 769 2620; x_wconf 90' lang='lat' dir='ltr'>et</span> <span class='ocrx_word' id='word_1_190' title='bbox 782 2556 825 2619; x_wconf 78' lang='lat' dir='ltr'>&#39;in</span> <span class='ocrx_word' id='word_1_191' title='bbox 841 2578 918 2621; x_wconf 85' lang='grc' dir='ltr'>ιιιοι</span> <span class='ocrx_word' id='word_1_192' title='bbox 932 2556 1081 2642; x_wconf 86' lang='lat' dir='ltr'>proprios</span> <span class='ocrx_word' id='word_1_193' title='bbox 1107 2582 1187 2623; x_wconf 89' lang='lat' dir='ltr'>usus</span> <span class='ocrx_word' id='word_1_194' title='bbox 1210 2561 1340 2645; x_wconf 86' lang='lat' dir='ltr'>assigno</span> <span class='ocrx_word' id='word_1_195' title='bbox 1362 2561 1532 2644; x_wconf 89' lang='lat' dir='ltr'>antiquam</span> 
     </span>
     <span class='ocr_line' id='line_1_21' title="bbox 332 2657 1534 2745; baseline 0.002 -23"><span class='ocrx_word' id='word_1_196' title='bbox 332 2660 601 2723; x_wconf 87' lang='lat' dir='ltr'>consuetudinem</span> <span class='ocrx_word' id='word_1_197' title='bbox 630 2658 683 2723; x_wconf 75' lang='lat' dir='ltr'>rel</span> <span class='ocrx_word' id='word_1_198' title='bbox 719 2657 909 2743; x_wconf 83' lang='lat' dir='ltr'>pensionem</span> <span class='ocrx_word' id='word_1_199' title='bbox 939 2680 961 2721; x_wconf 85' lang='lat' dir='ltr'>x</span> <span class='ocrx_word' id='word_1_200' title='bbox 989 2680 1182 2740; x_wconf 85' lang='lat' dir='ltr'>marcarum,</span> <span class='ocrx_word' id='word_1_201' title='bbox 1211 2683 1309 2745; x_wconf 91' lang='lat' dir='ltr'>quam</span> <span class='ocrx_word' id='word_1_202' title='bbox 1341 2659 1534 2744; x_wconf 85' lang='lat' dir='ltr'>perdidistis</span> 
     </span>
     <span class='ocr_line' id='line_1_22' title="bbox 195 2759 1533 2850; baseline -0.001 -25"><span class='ocrx_word' id='word_1_203' title='bbox 195 2800 223 2847; x_wconf 78' lang='lat' dir='ltr'>F.</span> <span class='ocrx_word' id='word_1_204' title='bbox 240 2803 285 2850; x_wconf 77' lang='lat'>1³4</span> <span class='ocrx_word' id='word_1_205' title='bbox 331 2762 406 2847; x_wconf 89' lang='lat' dir='ltr'>plus</span> <span class='ocrx_word' id='word_1_206' title='bbox 428 2783 524 2847; x_wconf 87' lang='lat' dir='ltr'>quam</span> <span class='ocrx_word' id='word_1_207' title='bbox 538 2763 572 2826; x_wconf 89' lang='lat' dir='ltr'>lx</span> <span class='ocrx_word' id='word_1_208' title='bbox 587 2761 692 2827; x_wconf 74' lang='lat' dir='ltr'>annia</span> <span class='ocrx_word' id='word_1_209' title='bbox 735 2760 898 2845; x_wconf 84' lang='lat' dir='ltr'>Integram</span> <span class='ocrx_word' id='word_1_210' title='bbox 912 2759 1066 2825; x_wconf 86' lang='lat' dir='ltr'>libentius</span> <span class='ocrx_word' id='word_1_211' title='bbox 1080 2760 1173 2825; x_wconf 87' lang='lat' dir='ltr'>vobis</span> <span class='ocrx_word' id='word_1_212' title='bbox 1188 2782 1259 2825; x_wconf 91' lang='lat' dir='ltr'>eam</span> <span class='ocrx_word' id='word_1_213' title='bbox 1274 2761 1396 2842; x_wconf 86' lang='lat' dir='ltr'>durem,</span> <span class='ocrx_word' id='word_1_214' title='bbox 1411 2761 1439 2824; x_wconf 87' lang='lat' dir='ltr'>si</span> <span class='ocrx_word' id='word_1_215' title='bbox 1453 2783 1533 2846; x_wconf 89' lang='lat' dir='ltr'>pos·</span> 
     </span>
     <span class='ocr_line' id='line_1_23' title="bbox 294 2855 1532 2950; baseline -0.002 -22"><span class='ocrx_word' id='word_1_216' title='bbox 294 2855 319 2889; x_wconf 74' lang='lat'>⁰·</span> <span class='ocrx_word' id='word_1_217' title='bbox 333 2887 423 2944; x_wconf 83' lang='lat' dir='ltr'>sem3</span> <span class='ocrx_word' id='word_1_218' title='bbox 439 2866 496 2930; x_wconf 90' lang='lat' dir='ltr'>sed</span> <span class='ocrx_word' id='word_1_219' title='bbox 512 2865 589 2945; x_wconf 85' lang='lat' dir='ltr'>scio,</span> <span class='ocrx_word' id='word_1_220' title='bbox 605 2864 694 2950; x_wconf 89' lang='lat' dir='ltr'>quod</span> <span class='ocrx_word' id='word_1_221' title='bbox 708 2863 880 2948; x_wconf 85' lang='lat' dir='ltr'>episcopus</span> <span class='ocrx_word' id='word_1_222' title='bbox 891 2862 1109 2928; x_wconf 84' lang='lat' dir='ltr'>Norwicensis</span> <span class='ocrx_word' id='word_1_223' title='bbox 1125 2862 1205 2927; x_wconf 89' lang='lat' dir='ltr'>mihi</span> <span class='ocrx_word' id='word_1_224' title='bbox 1219 2863 1463 2941; x_wconf 86' lang='lat' dir='ltr'>contradiceret,</span> <span class='ocrx_word' id='word_1_225' title='bbox 1476 2862 1532 2926; x_wconf 88' lang='lat' dir='ltr'>vel</span> 
     </span>
     <span class='ocr_line' id='line_1_24' title="bbox 333 2963 1532 3050; baseline -0.002 -20"><span class='ocrx_word' id='word_1_226' title='bbox 333 2968 360 3031; x_wconf 84' lang='lat' dir='ltr'>si</span> <span class='ocrx_word' id='word_1_227' title='bbox 373 2968 437 3032; x_wconf 92' lang='lat' dir='ltr'>hoc</span> <span class='ocrx_word' id='word_1_228' title='bbox 452 2968 654 3043; x_wconf 86' lang='lat' dir='ltr'>concederet,</span> <span class='ocrx_word' id='word_1_229' title='bbox 674 2966 731 3030; x_wconf 87' lang='lat' dir='ltr'>tali</span> <span class='ocrx_word' id='word_1_230' title='bbox 754 2965 923 3030; x_wconf 82' lang='lat' dir='ltr'>occasione</span> <span class='ocrx_word' id='word_1_231' title='bbox 948 2964 1184 3050; x_wconf 88' lang='lat' dir='ltr'>subjectionem</span> <span class='ocrx_word' id='word_1_232' title='bbox 1198 2974 1233 3029; x_wconf 85' lang='lat' dir='ltr'>et</span> <span class='ocrx_word' id='word_1_233' title='bbox 1256 2963 1474 3030; x_wconf 87' lang='lat' dir='ltr'>obedientiam</span> <span class='ocrx_word' id='word_1_234' title='bbox 1488 2963 1532 3028; x_wconf 90' lang='lat' dir='ltr'>de</span> 
     </span>
     <span class='ocr_line' id='line_1_25' title="bbox 329 3065 1531 3153; baseline -0.005 -19"><span class='ocrx_word' id='word_1_235' title='bbox 329 3070 423 3135; x_wconf 87' lang='lat' dir='ltr'>vobis</span> <span class='ocrx_word' id='word_1_236' title='bbox 439 3071 501 3135; x_wconf 86' lang='lat' dir='ltr'>sibi</span> <span class='ocrx_word' id='word_1_237' title='bbox 514 3071 711 3148; x_wconf 83' lang='lat' dir='ltr'>vendicaret,</span> <span class='ocrx_word' id='word_1_238' title='bbox 725 3069 813 3153; x_wconf 89' lang='lat' dir='ltr'>quod</span> <span class='ocrx_word' id='word_1_239' title='bbox 827 3077 879 3133; x_wconf 86' lang='lat' dir='ltr'>est</span> <span class='ocrx_word' id='word_1_240' title='bbox 892 3068 1114 3133; x_wconf 87' lang='lat' dir='ltr'>inconsultum</span> <span class='ocrx_word' id='word_1_241' title='bbox 1129 3076 1163 3131; x_wconf 90' lang='lat' dir='ltr'>et</span> <span class='ocrx_word' id='word_1_242' title='bbox 1180 3066 1422 3131; x_wconf 77' lang='lat' dir='ltr'>inconveniens.</span> <span class='ocrx_word' id='word_1_243' title='bbox 1467 3065 1531 3128; x_wconf 88' lang='lat' dir='ltr'>Fa-</span> 
     </span>
     <span class='ocr_line' id='line_1_26' title="bbox 330 3165 1530 3254; baseline -0.006 -19"><span class='ocrx_word' id='word_1_244' title='bbox 330 3172 453 3235; x_wconf 90' lang='lat' dir='ltr'>ciamus</span> <span class='ocrx_word' id='word_1_245' title='bbox 478 3192 554 3254; x_wconf 86' lang='lat' dir='ltr'>ergo</span> <span class='ocrx_word' id='word_1_246' title='bbox 583 3171 671 3253; x_wconf 93' lang='lat' dir='ltr'>quod</span> <span class='ocrx_word' id='word_1_247' title='bbox 696 3171 737 3235; x_wconf 90' lang='lat' dir='ltr'>de</span> <span class='ocrx_word' id='word_1_248' title='bbox 762 3172 836 3254; x_wconf 91' lang='lat' dir='ltr'>jure</span> <span class='ocrx_word' id='word_1_249' title='bbox 858 3190 1033 3254; x_wconf 88' lang='lat' dir='ltr'>possumus</span> <span class='ocrx_word' id='word_1_250' title='bbox 1047 3169 1172 3246; x_wconf 84' lang='lat' dir='ltr'>facere3</span> <span class='ocrx_word' id='word_1_251' title='bbox 1193 3188 1354 3252; x_wconf 90' lang='lat' dir='ltr'>ponamus</span> <span class='ocrx_word' id='word_1_252' title='bbox 1376 3165 1530 3243; x_wconf 86' lang='lat' dir='ltr'>clericum</span> 
     </span>
     <span class='ocr_line' id='line_1_27' title="bbox 331 3268 1529 3354; baseline -0.003 -18"><span class='ocrx_word' id='word_1_253' title='bbox 331 3271 497 3347; x_wconf 85' lang='lat' dir='ltr'>vicarium,</span> <span class='ocrx_word' id='word_1_254' title='bbox 521 3271 576 3353; x_wconf 92' lang='lat' dir='ltr'>qui</span> <span class='ocrx_word' id='word_1_255' title='bbox 599 3271 753 3354; x_wconf 90' lang='lat' dir='ltr'>episcopo</span> <span class='ocrx_word' id='word_1_256' title='bbox 772 3271 968 3354; x_wconf 89' lang='lat' dir='ltr'>respondeat</span> <span class='ocrx_word' id='word_1_257' title='bbox 995 3271 1036 3333; x_wconf 90' lang='lat' dir='ltr'>de</span> <span class='ocrx_word' id='word_1_258' title='bbox 1059 3269 1291 3354; x_wconf 81' lang='lat' dir='ltr'>spiritualibus,</span> <span class='ocrx_word' id='word_1_259' title='bbox 1316 3280 1351 3335; x_wconf 91' lang='lat' dir='ltr'>et</span> <span class='ocrx_word' id='word_1_260' title='bbox 1372 3268 1466 3334; x_wconf 81' lang='lat' dir='ltr'>vobis</span> <span class='ocrx_word' id='word_1_261' title='bbox 1484 3268 1529 3333; x_wconf 92' lang='lat' dir='ltr'>de</span> 
     </span>
     <span class='ocr_line' id='line_1_28' title="bbox 331 3370 1528 3450; baseline 0.002 -17"><span class='ocrx_word' id='word_1_262' title='bbox 331 3371 444 3434; x_wconf 89' lang='lat' dir='ltr'>decem</span> <span class='ocrx_word' id='word_1_263' title='bbox 459 3370 597 3448; x_wconf 82' lang='lat' dir='ltr'>marcis3</span> <span class='ocrx_word' id='word_1_264' title='bbox 619 3380 654 3435; x_wconf 90' lang='lat' dir='ltr'>et</span> <span class='ocrx_word' id='word_1_265' title='bbox 675 3371 762 3449; x_wconf 85' lang='lat' dir='ltr'>volo,</span> <span class='ocrx_word' id='word_1_266' title='bbox 787 3370 890 3435; x_wconf 86' lang='lat' dir='ltr'>sivos</span> <span class='ocrx_word' id='word_1_267' title='bbox 905 3371 1085 3450; x_wconf 85' lang='lat' dir='ltr'>consulitis,</span> <span class='ocrx_word' id='word_1_268' title='bbox 1109 3381 1148 3435; x_wconf 93' lang='lat' dir='ltr'>ut</span> <span class='ocrx_word' id='word_1_269' title='bbox 1172 3372 1291 3436; x_wconf 83' lang='lat' dir='ltr'>vicaria</span> <span class='ocrx_word' id='word_1_270' title='bbox 1313 3373 1369 3437; x_wconf 91' lang='lat' dir='ltr'>illa</span> <span class='ocrx_word' id='word_1_271' title='bbox 1386 3373 1528 3437; x_wconf 82' lang='lat' dir='ltr'>donetur</span> 
     </span>
     <span class='ocr_line' id='line_1_29' title="bbox 332 3470 1529 3557; baseline 0.003 -22"><span class='ocrx_word' id='word_1_272' title='bbox 332 3470 426 3535; x_wconf 84' lang='lat' dir='ltr'>alicui</span> <span class='ocrx_word' id='word_1_273' title='bbox 442 3471 682 3555; x_wconf 87' lang='lat' dir='ltr'>consanguineo</span> <span class='ocrx_word' id='word_1_274' title='bbox 697 3473 737 3535; x_wconf 89' lang='lat' dir='ltr'>R.</span> <span class='ocrx_word' id='word_1_275' title='bbox 760 3471 800 3536; x_wconf 90' lang='lat' dir='ltr'>de</span> <span class='ocrx_word' id='word_1_276' title='bbox 822 3471 1048 3557; x_wconf 85' lang='lat' dir='ltr'>Hengheham,</span> <span class='ocrx_word' id='word_1_277' title='bbox 1069 3473 1220 3537; x_wconf 87' lang='lat' dir='ltr'>monachi</span> <span class='ocrx_word' id='word_1_278' title='bbox 1241 3483 1276 3537; x_wconf 90' lang='lat' dir='ltr'>et</span> <span class='ocrx_word' id='word_1_279' title='bbox 1292 3475 1401 3539; x_wconf 79' lang='lat' dir='ltr'>fratris</span> <span class='ocrx_word' id='word_1_280' title='bbox 1413 3474 1529 3554; x_wconf 74' lang='lat' dir='ltr'>vestri,</span> 
     </span>
     <span class='ocr_line' id='line_1_30' title="bbox 331 3572 1528 3662; baseline 0.005 -26"><span class='ocrx_word' id='word_1_281' title='bbox 331 3572 387 3660; x_wconf 93' lang='lat' dir='ltr'>qui</span> <span class='ocrx_word' id='word_1_282' title='bbox 401 3572 482 3637; x_wconf 89' lang='lat' dir='ltr'>mihi</span> <span class='ocrx_word' id='word_1_283' title='bbox 492 3573 554 3637; x_wconf 80' lang='lat' dir='ltr'>fuit</span> <span class='ocrx_word' id='word_1_284' title='bbox 568 3594 702 3638; x_wconf 88' lang='lat' dir='ltr'>consors</span> <span class='ocrx_word' id='word_1_285' title='bbox 717 3573 751 3637; x_wconf 93' lang='lat' dir='ltr'>in</span> <span class='ocrx_word' id='word_1_286' title='bbox 765 3572 821 3639; x_wconf 92' lang='lat' dir='ltr'>illo</span> <span class='ocrx_word' id='word_1_287' title='bbox 836 3574 951 3639; x_wconf 92' lang='lat' dir='ltr'>itinere</span> <span class='ocrx_word' id='word_1_288' title='bbox 968 3594 1080 3639; x_wconf 79' lang='lat' dir='ltr'>versus</span> <span class='ocrx_word' id='word_1_289' title='bbox 1092 3577 1242 3656; x_wconf 88' lang='lat' dir='ltr'>Romam,</span> <span class='ocrx_word' id='word_1_290' title='bbox 1256 3587 1291 3641; x_wconf 92' lang='lat' dir='ltr'>et</span> <span class='ocrx_word' id='word_1_291' title='bbox 1303 3578 1427 3644; x_wconf 90' lang='lat' dir='ltr'>eisdem</span> <span class='ocrx_word' id='word_1_292' title='bbox 1440 3577 1528 3662; x_wconf 90' lang='lat' dir='ltr'>peri·</span> 
     </span>
     <span class='ocr_line' id='line_1_31' title="bbox 330 3675 1527 3762; baseline 0.005 -22"><span class='ocrx_word' id='word_1_293' title='bbox 330 3675 411 3740; x_wconf 89' lang='lat' dir='ltr'>culis</span> <span class='ocrx_word' id='word_1_294' title='bbox 426 3675 595 3761; x_wconf 85' lang='lat' dir='ltr'>expositus</span> <span class='ocrx_word' id='word_1_295' title='bbox 610 3685 645 3740; x_wconf 92' lang='lat' dir='ltr'>et</span> <span class='ocrx_word' id='word_1_296' title='bbox 658 3685 791 3762; x_wconf 89' lang='lat' dir='ltr'>propter</span> <span class='ocrx_word' id='word_1_297' title='bbox 804 3677 891 3740; x_wconf 89' lang='lat' dir='ltr'>idem</span> <span class='ocrx_word' id='word_1_298' title='bbox 906 3675 1111 3761; x_wconf 85' lang='lat' dir='ltr'>negocium.&#39;&#39;</span> <span class='ocrx_word' id='word_1_299' title='bbox 1141 3678 1205 3743; x_wconf 90' lang='lat' dir='ltr'>His</span> <span class='ocrx_word' id='word_1_300' title='bbox 1217 3679 1311 3744; x_wconf 89' lang='lat' dir='ltr'>dictis</span> <span class='ocrx_word' id='word_1_301' title='bbox 1327 3702 1439 3746; x_wconf 85' lang='lat' dir='ltr'>ornnes</span> <span class='ocrx_word' id='word_1_302' title='bbox 1453 3701 1527 3745; x_wconf 87' lang='lat' dir='ltr'>sur-</span> 
     </span>
     <span class='ocr_line' id='line_1_32' title="bbox 327 3777 1528 3865; baseline 0.006 -24"><span class='ocrx_word' id='word_1_303' title='bbox 327 3778 469 3843; x_wconf 84' lang='lat' dir='ltr'>reximus</span> <span class='ocrx_word' id='word_1_304' title='bbox 484 3788 518 3842; x_wconf 88' lang='lat' dir='ltr'>et</span> <span class='ocrx_word' id='word_1_305' title='bbox 538 3778 656 3863; x_wconf 86' lang='lat' dir='ltr'>gratias</span> <span class='ocrx_word' id='word_1_306' title='bbox 679 3777 824 3863; x_wconf 78' lang='lat' dir='ltr'>egimus3</span> <span class='ocrx_word' id='word_1_307' title='bbox 846 3788 880 3841; x_wconf 92' lang='lat' dir='ltr'>et</span> <span class='ocrx_word' id='word_1_308' title='bbox 901 3788 1050 3863; x_wconf 91' lang='lat' dir='ltr'>receptus</span> <span class='ocrx_word' id='word_1_309' title='bbox 1073 3790 1125 3844; x_wconf 90' lang='lat' dir='ltr'>est</span> <span class='ocrx_word' id='word_1_310' title='bbox 1147 3780 1247 3865; x_wconf 86' lang='lat' dir='ltr'>Hugo</span> <span class='ocrx_word' id='word_1_311' title='bbox 1269 3782 1402 3848; x_wconf 86' lang='lat' dir='ltr'>clericus</span> <span class='ocrx_word' id='word_1_312' title='bbox 1427 3785 1528 3848; x_wconf 86' lang='lat' dir='ltr'>frater</span> 
     </span>
     <span class='ocr_line' id='line_1_33' title="bbox 327 3879 1525 3970; baseline 0.005 -27"><span class='ocrx_word' id='word_1_313' title='bbox 327 3879 464 3963; x_wconf 91' lang='lat' dir='ltr'>predicti</span> <span class='ocrx_word' id='word_1_314' title='bbox 488 3879 607 3964; x_wconf 84' lang='lat' dir='ltr'>Rogeri</span> <span class='ocrx_word' id='word_1_315' title='bbox 626 3880 666 3944; x_wconf 91' lang='lat' dir='ltr'>ad</span> <span class='ocrx_word' id='word_1_316' title='bbox 685 3879 864 3965; x_wconf 85' lang='lat' dir='ltr'>predictam</span> <span class='ocrx_word' id='word_1_317' title='bbox 883 3880 1062 3960; x_wconf 87' lang='lat' dir='ltr'>ecclesiam,</span> <span class='ocrx_word' id='word_1_318' title='bbox 1085 3883 1172 3947; x_wconf 83' lang='lat' dir='ltr'>salva</span> <span class='ocrx_word' id='word_1_319' title='bbox 1195 3882 1291 3949; x_wconf 89' lang='lat' dir='ltr'>nobis</span> <span class='ocrx_word' id='word_1_320' title='bbox 1314 3907 1421 3950; x_wconf 90' lang='lat' dir='ltr'>annua</span> <span class='ocrx_word' id='word_1_321' title='bbox 1442 3907 1525 3970; x_wconf 89' lang='lat' dir='ltr'>peu-</span> 
     </span>
     <span class='ocr_line' id='line_1_34' title="bbox 327 3979 707 4046; baseline 0.008 -4"><span class='ocrx_word' id='word_1_322' title='bbox 327 3979 417 4044; x_wconf 89' lang='lat' dir='ltr'>sione</span> <span class='ocrx_word' id='word_1_323' title='bbox 432 3990 505 4044; x_wconf 66' lang='lat' dir='ltr'>rd‘m</span> <span class='ocrx_word' id='word_1_324' title='bbox 518 4001 707 4046; x_wconf 86' lang='lat' dir='ltr'>marcarum.</span> 
     </span>
    </p>
   </div>
   <div class='ocr_carea' id='block_1_3' title="bbox 0 0 1790 4898">
    <p class='ocr_par' dir='ltr' id='par_1_3' title="bbox 0 0 1790 4898">
     <span class='ocr_line' id='line_1_35' title="bbox 0 0 1790 4898; baseline 0 0"><span class='ocrx_word' id='word_1_325' title='bbox 0 0 1790 4898; x_wconf 95' lang='lat' dir='ltr'> </span> 
     </span>
    </p>
   </div>
  </div>
 </body>
</html>
