3556 4898
435 576 480 633 44
679 585 844 631 caonrcs
868 585 1045 630 Jocssrnr
1072 586 1121 630 oa
1144 583 1412 629 saaassosns.
1508 556 1515 565 '

436 750 487 805 ter
500 739 644 804 levatum
659 747 744 802 stare
760 735 963 810 sustinerem,
977 736 1041 801 nisi
1064 736 1140 822 quia
1160 737 1304 800 levatum
1314 734 1378 799 icit
1400 742 1580 819 antequam
1595 733 1649 798 fui

283 870 312 919 r.
329 871 408 920 niv.
440 842 553 909 abbas.
583 841 722 918 Recede,
736 839 852 925 inquit,
871 841 1005 920 recede3
1033 851 1206 926 antequam
1229 839 1364 903 domum
1386 848 1479 902 tuam
1501 837 1649 916 veneris,

442 945 554 1011 audies
578 944 657 1030 quid
682 943 740 1009 fiet
765 943 807 1007 de
828 943 1016 1007 molendino
1030 943 1122 1008 tuo.”
1165 943 1318 1008 Decanus
1339 949 1451 1004 sutem
1472 940 1598 1004 timens
1627 959 1650 1003 a

442 1048 543 1114 iacie¹
560 1047 698 1126 abbatis,
718 1045 854 1111 consilio
868 1045 926 1109 filii
941 1045 992 1109 sui
1007 1044 1151 1130 magistri
1170 1041 1338 1129 Stephani,
1352 1043 1494 1107 famulos
1508 1042 1649 1107 sacriste

444 1150 649 1237 preveniens,
664 1149 889 1214 molendinum
900 1147 981 1211 illud
992 1148 1153 1213 elevatum
1162 1155 1182 1210 a
1191 1144 1331 1231 propriis
1341 1145 1473 1209 mmulis
1482 1145 1564 1224 suis,
1574 1145 1649 1209 sine

446 1254 537 1318 omni
552 1275 652 1332 mora,
667 1253 736 1317 erui
750 1251 848 1330 iecit3
870 1251 916 1314 ita
935 1251 1033 1335 quod,
1047 1248 1253 1316 venientibus
1268 1246 1485 1313 servientibus
1498 1248 1649 1328 sacriste,

446 1354 546 1421 nichil
559 1353 815 1420 subvertendum
830 1352 1036 1418 invenerunt.

492 1456 714 1524 Quorumdam
723 1453 1188 1521 ecclesiarumadvocacionem
1197 1449 1650 1537 calumpniatusestabbaset

402 1562 408 1575 '
448 1560 602 1647 optinuit.
656 1558 823 1625 Quasdam
849 1557 946 1622 etiam
969 1557 1202 1642 calumpniatas
1224 1555 1377 1634 retinuit3
1406 1553 1576 1619 ecclesiam
1605 1553 1649 1619 d's

448 1664 588 1741 Westle,
602 1663 643 1728 de
653 1662 888 1746 Meringetorp,
904 1660 945 1724 de
960 1659 1192 1738 Rrethenham,
1206 1658 1247 1722 de
1261 1656 1464 1741 Wenelinga,
1479 1656 1521 1721 de
1544 1656 1651 1721 Pake-

449 1768 539 1844 ham,
554 1765 595 1830 de
609 1765 775 1842 Neutona,
790 1762 832 1828 de
842 1761 1033 1827 Bradelelda
1044 1761 1077 1824 in
1093 1760 1270 1840 Norfolcia,
1281 1759 1488 1823 medietatem
1513 1758 1651 1824 ecclesie

451 1870 492 1935 de
516 1867 686 1946 Bocsiord,
700 1865 868 1931 ecclesiam
884 1865 926 1929 de
949 1863 1165 1942 Scaldewella,
1182 1872 1217 1927 et
1230 1861 1398 1928 ecclesiam
1412 1861 1455 1926 de
1468 1862 1650 1946 Endegate.

452 1973 578 2037 Omnes
598 1968 639 2033 ab
655 1969 725 2033 aliis
741 1968 975 2053 calumpniatas
990 1967 1134 2043 retinuit,
1149 1976 1183 2031 et
1197 1976 1263 2030 tres
1277 1965 1449 2051 porciones
1460 1964 1501 2029 de
1515 1963 1651 2030 ecelesia

452 2073 493 2137 de
509 2071 746 2136 Diccleburcha
760 2071 800 2132 ad
812 2071 868 2153 jus
883 2069 1108 2134 advocacionis
1124 2090 1181 2134 sue
1196 2067 1369 2148 revocavit,
1384 2078 1420 2133 et
1432 2068 1559 2132 illarum
1573 2087 1652 2152 por-

452 2175 584 2238 cionum
599 2183 786 2237 tenemento
811 2170 853 2235 ad
872 2171 1009 2236 liberum
1024 2171 1158 2235 feudum
1173 2171 1307 2236 ecclesie
1320 2171 1461 2249 reduxit,
1479 2170 1569 2236 salvo
1584 2190 1652 2233 ser-

453 2274 548 2353 vicio,
564 2274 651 2358 quod
675 2273 751 2339 inde
771 2273 908 2339 debetur
922 2274 993 2337 aule
1009 2273 1050 2338 de
1063 2273 1290 2338 'liveteshala'
1334 2273 1481 2338 Ecclesia
1508 2294 1586 2338 vero
1607 2272 1650 2336 de

454 2377 614 2444 Bocsiord
636 2387 783 2458 vacante,
797 2400 871 2442 cum
896 2377 1095 2442 summonita
1111 2377 1228 2441 fuisset
1250 2376 1327 2440 inde
1346 2376 1540 2461 recognicio,
1553 2395 1652 2441 vene·

454 2490 532 2544 runt
546 2479 690 2564 quinque
704 2480 824 2544 milites
845 2489 1042 2564 temptantes
1058 2479 1220 2560 abbatem,
1244 2488 1278 2544 et
1292 2489 1465 2565 querentes
1483 2477 1651 2564 quidinde

455 2580 611 2646 deberent
621 2582 739 2665 jurare.
784 2581 897 2646 Abbas
909 2591 1017 2646 autem
1032 2582 1138 2646 noluit
1152 2583 1199 2647 eis
1214 2582 1334 2667 aliquid
1350 2582 1437 2667 dare,
1451 2582 1504 2646 vel
1516 2579 1653 2665 promit·

455 2695 535 2761 tere,
550 2683 608 2748 aed
635 2683 736 2748 dixit:
764 2687 785 2721 “
798 2684 883 2749 Cum
908 2685 948 2749 ad
970 2686 1190 2770 juramentum
1212 2695 1406 2770 perventum
1425 2685 1534 2764 fuerit,
1555 2682 1653 2748 dicite

454 2796 578 2851 rectum
590 2787 770 2852 secundum
782 2788 1014 2852 conscientiam
1024 2788 1197 2852 vestram?
1227 2787 1296 2873 Ipsi
1305 2809 1382 2852 vero
1391 2787 1597 2872 indignantes
1605 2807 1654 2851 re·

455 2900 633 2968 cesserunt,
650 2899 684 2954 et
698 2890 728 2955 ei
743 2911 802 2976 per
807 2891 1030 2975 juramentum
1043 2912 1137 2954 suurn
1150 2888 1400 2955 advocacionem
1411 2889 1497 2954 illius
1509 2891 1654 2970 ecclesie,

303 3010 335 3058 Α.
351 3011 422 3058 nce.
457 2993 580 3058 scilicet
591 2994 739 3059 ultimam
756 2994 1047 3079 presentacionem‚
1062 2993 1268 3058 abstulerunt
1276 3017 1286 3071 ;
1302 3014 1400 3077 quam
1414 3001 1525 3057 tamen
1539 3002 1656 3079 postea

456 3097 669 3179 recuperavit,
684 3096 796 3160 multis
807 3095 901 3160 factis
916 3095 1079 3180 expensis,
1094 3105 1128 3159 et
1141 3095 1225 3159 datis
1241 3094 1353 3159 decem
1368 3094 1495 3159 marcis.

501 3195 680 3268 Ecclesiam
696 3197 737 3259 de
753 3196 971 3279 Hungetona’
986 3219 1052 3260 non
1076 3206 1245 3261 vacantem
1260 3195 1318 3259 sed
1333 3195 1560 3260 calummatam
1582 3196 1658 3262 reti·

459 3295 531 3359 nuit
545 3292 657 3372 abbas,
672 3303 818 3378 ternpore
841 3297 990 3360 Durandi
1015 3297 1056 3361 de
1081 3297 1241 3376 Hostesli,
1255 3297 1330 3362 licet
1343 3297 1415 3381 ipse
1429 3297 1660 3363 monstrsverit

460 3396 494 3457 in
529 3393 753 3475 testimonium
783 3394 867 3479 juris
902 3395 953 3458 sui
987 3407 1107 3459 cartam
1150 3396 1217 3460 W.⁴
1253 3399 1472 3465 Norwiccnsis
1500 3399 1660 3485 episcopi,

461 3518 525 3581 qua
535 3496 731 3576 continetur,
746 3498 833 3581 quod
844 3496 1006 3562 liebertus
1022 3497 1063 3561 de
1078 3496 1224 3562 Valoniia
1239 3522 1331 3567 socer
1345 3503 1415 3585 ejus
1430 3502 1557 3568 dederit
1570 3501 1659 3566 illam

460 3599 628 3663 ecclesiam
644 3599 802 3663 AErnaldo
818 3598 964 3663 Luvello.

299 3726 447 3776 nautici.
504 3702 648 3767 Vacante
672 3701 845 3767 medietate
860 3701 994 3766 ecclesie
1009 3701 1050 3766 de
1067 3702 1256 3786 Ilopetuna,
1271 3715 1361 3771 mota
1375 3716 1426 3771 est
1440 3705 1663 3770 controversia

461 3806 537 3870 inde
552 3807 638 3869 inter
646 3804 796 3870 abbatem
811 3814 846 3869 et
860 3803 1040 3867 liebertum
1056 3805 1096 3868 de
1110 3804 1221 3884 Ulmo,
1236 3807 1406 3891 positoque
1422 3807 1475 3872 die
1490 3807 1664 3872 concordie

464 3911 550 3990 apud
562 3909 784 3994 Hopetonam‚
799 3916 877 3991 post
890 3905 1009 3968 multas
1024 3906 1252 3971 altercaciones
1268 3909 1351 3973 dixit
1363 3909 1464 3974 abbas
1479 3910 1521 3973 ad
1536 3910 1665 3995 predic-

466 4017 536 4073 tum
564 4010 615 4089 R,
639 4011 837 4093 nescioquo
867 4008 992 4090 impetu
1016 4007 1115 4070 animi
1137 4009 1274 4073 ductus:
1309 4013 1394 4076 “Tu
1420 3997 1496 4095 jurii
1523 4013 1558 4076 in
1589 4035 1667 4098 pro·

537 4129 649 4178 iterem.
663 4130 715 4178 xlii.
730 4133 768 4177 ll.
866 4130 1004 4180 ²‘l'itslssll
1102 4131 1280 4197 ³llonington.
1380 4138 1531 4187 sWillelmi.
