3556 4898
384 532 448 591 152
919 547 1045 593 xum.

380 695 549 767 finiuit,
561 698 653 757 'nest-
676 697 791 777 Palpn
800 699 943 757 mh
955 697 1174 776 figebamus,
1182 705 1216 758 et
1227 699 1348 759 inuenit
1357 706 1393 760 ut
1401 699 1562 762 dimiserat
1572 722 1580 770 ;

382 792 509 852 deintus
521 794 641 853 scilicet
652 797 753 854 erati
765 794 920 854 donnioe
932 795 1161 875 phiheterium,
1170 815 1189 853 a
1202 794 1283 854 eollo
1295 794 1474 876 dependens
1487 818 1584 878 supra

382 892 735 968 praemium,
744 890 828 969 qaod
838 888 1333 970 archiprrnletnartyrdomiui,
1343 892 1496 970 AElicgus,
1505 894 1582 954 olim

383 985 545 1045 lundonie
558 986 739 1046 desiderat
750 1007 929 1067 conparare
940 988 1040 1046 nullo
1052 988 1121 1046 auri
1136 986 1283 1066 pondere,
1297 987 1352 1048 sed
1365 991 1473 1069 nequit
1487 1011 1582 1070 prop-

380 1092 431 1141 tar
450 1083 672 1160 Eget-aim
691 1083 853 1143 custode·
867 1086 1024 1162 myri,
1036 1085 1130 1142 etiara
1148 1084 1176 1140 si
1194 1083 1343 1162 proferret
1361 1105 1464 1146 secum
1486 1107 1584 1147 aurea

380 1178 464 1239 dona
475 1181 614 1241 Tharria.
655 1182 725 1241 Hoc
738 1183 829 1260 siguo
841 1183 1077 1261 naetieoepore
1091 1180 1226 1259 palpato,
1237 1181 1421 1242 abbatecum
1431 1184 1583 1244 iratribus

379 1286 526 1345 mute,
538 1297 609 1336 eu
623 1277 726 1337 laudis
739 1277 899 1357 modio,
910 1279 1079 1357 exponitur
1091 1277 1183 1355 gleba
1195 1279 1339 1355 mmyris
1348 1298 1441 1358 super
1460 1280 1581 1339 scabel-

380 1372 446 1433 lu
459 1393 531 1432 eu
549 1374 667 1433 bonore
680 1374 815 1434 &resti
852 1375 945 1434 Jaeet
957 1376 1091 1451 integer,
1103 1383 1140 1431 at
1152 1371 1319 1443 dormiens,
1330 1375 1394 1453 jam
1405 1376 1471 1454 jam
1484 1374 1582 1435 decus

379 1471 570 1547 urgeatis
584 1470 729 1530 iusum
767 1471 915 1538 thaa
926 1481 960 1530 et
971 1488 1065 1549 qua·
1083 1467 1186 1527 dulcis
1203 1477 1278 1527 tuuc
1301 1467 1476 1530 efferbuerit
1502 1471 1583 1532 odor

378 1566 550 1635 navitatis,
571 1578 677 1646 preter
702 1566 904 1626 odoeaneata
923 1569 1042 1626 iaeean
1066 1566 1117 1626 rel
1138 1565 1359 1643 thymiamatis,
1385 1585 1447 1625 nou
1471 1566 1581 1645 lingua

378 1661 464 1720 nter
476 1663 614 1741 proterre
626 1665 777 1743 cajasris,
789 1684 860 1723 eu
873 1684 937 1723 roa
950 1664 1050 1723 solu
1073 1663 1106 1722 in
1129 1664 1196 1742 ipsa
1208 1660 1300 1721 domo
1319 1662 1497 1740 fraglaverit
1509 1685 1580 1724 ora-

377 1757 625 1836 tionisperdiear
635 1760 1087 1830 rerumrerumiuiuclaustru,
1096 1780 1159 1839 quo
1167 1759 1580 1839 confluebatpsalmodiando

378 1856 598 1915 montom
611 1856 774 1926 eoalenio,
787 1857 882 1916 et'um
894 1859 927 1915 in
940 1857 1071 1915 officinis
1082 1853 1276 1914 redundabat
1287 1852 1427 1914 odoratio
1444 1857 1558 1918 anans.

421 1951 560 2011 Eruitur
568 1954 671 2032 itaque
681 1963 806 2012 ranetm
814 1955 913 2012 saneti
923 1953 1065 2031 martyrii
1073 1951 1223 2023 uestrlrus,
1232 1950 1344 2029 partim
1355 1951 1460 2011 rubeis
1466 1953 1581 2014 rubore

378 2048 549 2123 sanguinis,
570 2049 683 2126 partim
706 2047 869 2128 perforatis
881 2049 993 2109 ietrtm
1015 2049 1148 2108 telorum
1161 2047 1291 2117 crebris,
1305 2046 1360 2107 sed
1375 2056 1477 2109 tamen
1491 2071 1581 2131 repo·

376 2142 488 2201 nendis
501 2144 593 2202 saluti
614 2144 808 2206 credentium
832 2146 1027 2227 proiecturis.
1077 2143 1275 2204 Pulvillulus
1295 2163 1429 2223 quoque,
1443 2147 1496 2224 qui
1516 2147 1579 2207 alio

376 2240 501 2298 nomine
520 2238 636 2300 dieitur
656 2243 852 2314 auricularia,
874 2243 932 2302 sub
948 2251 1054 2300 sancto
1067 2240 1167 2320 eapite
1184 2250 1326 2319 repertus
1338 2249 1405 2309 est;
1431 2241 1502 2301 talis
1515 2263 1580 2302 non

375 2355 417 2394 ex
428 2334 543 2415 plumis
569 2336 619 2395 rel
639 2338 779 2398 bombice
798 2339 931 2398 alicuius
951 2339 1086 2416 generis,
1108 2335 1163 2397 sed
1185 2334 1377 2396 solummodo
1391 2337 1579 2399 tenuissimis

376 2431 533 2509 lignorum
547 2431 706 2493 dolatoria
747 2435 812 2495 His
826 2438 910 2506 risis,
925 2445 1092 2513 sanctoque
1111 2433 1256 2493 revestito
1269 2434 1358 2492 novis
1370 2434 1481 2513 quibus
1495 2455 1578 2495 com-

375 2530 499 2607 petebat
510 2529 657 2600 induviis,
666 2544 888 2593 rememoratur
901 2534 993 2593 abbas
1001 2532 1099 2592 sancti
1108 2540 1212 2590 sancte
1221 2528 1467 2608 decapitationis,
1477 2552 1513 2591 ac
1527 2552 1578 2592 re-

376 2647 509 2699 morans,
519 2631 584 2688 suis
597 2631 700 2690 innuit
712 2632 884 2703 monachis,
897 2640 1014 2701 utrum,
1028 2639 1064 2689 ut
1076 2630 1153 2689 alias
1161 2628 1287 2706 legitur,
1295 2627 1489 2708 caputhujus
1497 2650 1580 2690 mur·

373 2727 452 2804 tyris
464 2725 652 2787 decollatum
664 2749 735 2789 cum
749 2749 878 2809 corpore
888 2731 954 2809 jam
969 2729 1010 2787 sit
1023 2725 1201 2796 solidatum,
1211 2733 1243 2785 et
1253 2743 1424 2785 memorans
1435 2734 1577 2806 temptat,

374 2822 555 2902 temptando
567 2825 687 2903 probat.

415 2919 519 2998 Caput
528 2920 640 2998 accipit
653 2921 735 2978 inter
747 2920 851 2980 ambas
863 2941 984 2992 manus,
997 2920 1104 2991 trslrit,
1119 2927 1279 2998 totumque
1296 2918 1436 2998 sequitur
1452 2939 1575 2999 corpus.

375 3016 480 3082 Quam
490 3017 641 3075 mirabilis
652 3018 740 3077 Deus
750 3019 759 3076 l
776 3018 935 3098 Operatur
942 3017 1097 3078 mirabilia
1104 3016 1199 3076 solus.
1217 3014 1461 3076 Resolidauitao
1471 3017 1577 3078 redin-

372 3112 518 3187 tegravit,
525 3112 607 3191 quod
615 3112 749 3174 solidum
757 3113 876 3175 dudum
886 3116 1100 3194 integrumque
1108 3113 1233 3173 creavit.
1245 3111 1475 3190 Expavefaotns
1483 3115 1577 3176 abbas

372 3205 480 3265 adhoc
493 3210 689 3280 miraculum,
697 3213 729 3269 in
742 3212 854 3271 locello
864 3212 985 3292 reponit
993 3212 1088 3292 priori
1100 3211 1213 3290 pignus
1220 3208 1497 3281 saucfississimnm,
1509 3214 1576 3273 cius

374 3302 516 3360 manibus
542 3313 664 3382 torpore
688 3317 838 3385 perpetuo
858 3309 957 3388 captis
980 3309 1013 3368 in
1028 3307 1196 3385 reliquum,
1210 3305 1347 3365 fortassis
1369 3305 1452 3384 quod
1473 3307 1576 3370 fuerat

372 3402 486 3463 actum,
501 3395 571 3453 Deo
580 3417 636 3456 nee
645 3409 750 3458 sancto
765 3401 1001 3480 beneplacitum.
1046 3403 1171 3464 Exuvie
1185 3421 1258 3462 vero
1269 3403 1413 3480 martyris
1425 3403 1457 3461 iu
1469 3424 1574 3464 sorva·

372 3487 450 3546 torio
464 3487 676 3550 reconduntur
688 3511 759 3551 cum
772 3495 984 3573 phylacteriis,
993 3499 1076 3560 unde
1090 3499 1129 3558 dc
1140 3499 1272 3559 aerario
1286 3497 1456 3558 divinitatis
1470 3510 1574 3581 presto

371 3591 444 3642 sunt
458 3583 606 3644 beneficia
619 3587 737 3658 multis,
749 3588 787 3648 ad
799 3589 923 3652 laudem
932 3596 1013 3668 eius,
1021 3598 1076 3676 qui
1084 3616 1155 3656 cum
1167 3597 1266 3657 Patro
1279 3605 1313 3655 et
1327 3595 1446 3677 Spiritu
1458 3597 1574 3660 Sancto
1698 3587 1704 3593 ’

370 3679 447 3739 vivit
459 3690 491 3739 et
505 3691 615 3759 regnat
629 3684 814 3744 Dominus.”

412 3775 595 3857 According
609 3790 640 3839 to
654 3781 759 3855 Abbo,
773 3781 951 3855 Theodred,
968 3785 1088 3867 Bishop
1102 3787 1137 3846 of
1147 3787 1200 3847 the
1215 3787 1293 3847 Euat
1307 3787 1442 3866 Angla,
1465 3791 1574 3869 proba·

372 3868 427 3948 bly
441 3871 493 3931 the
508 3875 623 3952 prolate
639 3878 708 3937 who
722 3899 784 3938 was
797 3881 958 3959 promotcd
972 3889 1004 3941 to
1017 3883 1070 3943 the
1086 3884 1146 3945 See
1159 3884 1195 3943 of
1217 3884 1346 3944 Loudon
1370 3886 1403 3945 iu
1424 3885 1478 3945 the
1499 3886 1573 3948 time

372 3965 406 4023 oi
418 3966 504 4043 King
519 3968 636 4046 Edgar,
647 3993 683 4033 or
696 3976 745 4036 his
758 3997 813 4039 son
826 3976 985 4051 Edmund,
1001 3980 1112 4041 visited
1126 3981 1180 4042 the
1194 3982 1298 4043 shrine
1311 3982 1348 4042 ot‘
1358 3982 1407 4044 St.
1423 3983 1573 4045 Edmund
